2052 3141
18 1008 60 1039 10

19 1891 61 1922 20

841 65 1021 104 TPITH
1669 62 1773 115 159

85 219 198 262 τοις
231 196 624 267 ἐνδεδεμένους
657 198 752 260 οὓς
784 200 992 269 χρυσίῳ
1025 197 1454 265 καθειργνύντες
1485 198 1776 266 ἄνθρωποι

85 290 271 360 κόσμῳ
294 296 533 357 χρῶνται
566 290 872 354 πολυτελεῖ,
911 285 1278 354 θυμιαμάτων
1310 305 1365 337 τε
1398 289 1613 353 πλῆθος
1645 300 1776 338 συν-
1814 308 1817 309 ’

86 373 307 445 έφερον·
349 373 408 427 ἐκ
440 375 544 445 γὰρ
576 376 830 442 τοιαύτης
861 375 996 442 ὕλης
1027 373 1381 437 κατεσκεύαζε
1415 375 1516 442 τὴν
1549 376 1774 443 σκηνήν.

84 464 117 531 ἣ
152 461 202 516 δ’
236 460 402 516 οὐδὲν
435 461 882 532 μεταφερομένου
908 460 998 514 καὶ
1032 471 1603 531 συμπερινοστοῦντος
1634 472 1774 516 ναοῦ

86 550 319 621 διέφερε.
398 552 580 620 <1Ο4>
629 553 840 605 τούτων
888 547 989 603 οὖν
1037 551 1171 602 κατὰ
1224 552 1473 618 σπουδὴν
1516 564 1776 618 συγκομι-

87 639 358 708 σθέντων,
399 638 628 693 ἑκάστου
660 639 751 692 καὶ
783 640 928 709 παρὰ
970 640 1209 707 δύναμιν
1249 638 1775 707 φιλοτιμησαμένου,

91 727 472 798 ἀρχιτέκτονας
525 738 638 791 τοῖς
692 731 871 798 ε”ργοις
926 727 1176 796 ἐφίστησι
1231 726 1344 780 κατ’
1402 727 1630 795 ἐντολὴν
1677 736 1776 780 τοῦ

87 823 226 870 θεοῦ
273 817 369 880 οὓς
415 816 505 870 καὶ
553 819 613 870 τὸ
653 821 869 884 πλῆθος
915 816 984 868 ἂν
1025 815 1340 883 ἐπελέξατο,
1394 824 1487 884 τῆς
1528 815 1777 879 ἐξουσίας

85 903 165 957 ἐπ’
226 905 371 977 αὐτῷ
427 903 739 973 γενομένης.
831 905 1011 972 <1Οὸ>
1069 906 1132 956 τὰ
1189 902 1237 956 δ’
1297 905 1539 972 ὀνόματα
1594 904 1776 956 αὐτῶν

86 991 200 1060 (καὶ
246 994 349 1063 γὰρ
402 993 463 1046 ἐν
509 1003 626 1055 ταῖς
674 994 843 1062 ἱεραῖς
885 995 1103 1061 βίβλοις
1151 991 1579 1061 ἀναγέγραπται)
1620 991 1769 1045 ταῦτ’

83 1077 171 1149 ἦν,
211 1080 544 1150 Βεσελέηλος
576 1079 676 1150 μὲν
712 1080 854 1149 Οὐρὶ
886 1091 1030 1148 παῖς,
1069 1089 1162 1148 τῆς
1196 1079 1379 1134 Ἰούδα
1410 1086 1607 1149 φυλῆς,
1646 1081 1774 1133 υἱω-

83 1171 180 1232 νὸς
220 1167 279 1222 δὲ
318 1171 657 1239 Μαριάμμης
694 1178 789 1238 τῆς
830 1169 1072 1239 ἀδελφῆς
1110 1177 1208 1222 τοῦ
1243 1177 1568 1238 στρατηγοῦ,
1601 1167 1776 1221 Ἐλία-

84 1260 181 1325 βος
221 1255 281 1310 δὲ
315 1255 624 1328 Ἰσαμάχου,
663 1259 910 1320 Δάνιδος
948 1262 1139 1327 φυλῆς.
1220 1259 1400 1326 <106>
1441 1260 1500 1311 τὸ
1545 1255 1602 1310 δὲ
1643 1262 1775 1325 πλῆ-

84 1351 187 1408 θος
221 1346 394 1409 οὕτως
425 1346 532 1400 ὑπὸ
564 1350 879 1416 προθυμίας
909 1357 1022 1408 τοῖς
1056 1344 1495 1415 ἐγχειρουμένοις
1525 1347 1777 1414 ὑπῆλθεν

40 1450 60 1481 5
87 1434 221 1486 ὥστε
252 1437 499 1502 Μωυσῆς
532 1433 779 1503 ἀνεῖρξεν
813 1435 1031 1500 αὐτούς,
1071 1432 1555 1502 ὑποκηρυξάμενος
1587 1434 1778 1504 ἀρκεῖν

85 1524 213 1584 τοὺς
269 1523 453 1584 ὄντας·
502 1531 664 1575 τοῦτο
719 1523 822 1590 γὰρ
880 1523 936 1574 οἱ
980 1520 1310 1590 δημιουργοὶ
1360 1524 1776 1591 προειρήκεσαν.

86 1611 268 1678 <107>
311 1610 555 1681 ἐχώρουν
596 1607 698 1664 οὖν
739 1609 827 1663 ἐπὶ
872 1612 973 1679 τὴν
1021 1618 1114 1678 τῆς
1167 1618 1368 1678 σκηνῆς
1414 1613 1776 1678 κατασκευήν·

85 1697 176 1751 καὶ
230 1702 478 1766 ΝΙωυσῆς
525 1699 725 1761 αὐτοὺς
772 1698 968 1751 ἕκαστα
1016 1697 1141 1767 περὶ
1188 1707 1297 1750 τῶν
1346 1697 1588 1767 μέτρων,
1643 1700 1778 1751 κατὰ

86 1789 186 1855 τὴν
240 1788 533 1855 ὑποθήκην
581 1796 679 1840 τοῦ
725 1793 895 1855 θεοῦ,
949 1786 1039 1839 καὶ
1085 1794 1183 1839 τοῦ
1235 1785 1533 1854 μεγέθους,
1587 1787 1687 1839 ὅσα
1726 1785 1771 1839 τ’

87 1877 198 1928 ἔδει
239 1877 403 1944 σκεύη
444 1886 643 1945 χωρεῖν
692 1876 865 1944 αὐτὴν
906 1875 1230 1928 ἀνεδίδασκε
1269 1877 1406 1943 πρὸς
1444 1875 1538 1937 τὰς
1575 1879 1779 1938 θυσίας

85 1964 515 2033 ὑπηρετήσοντα.
595 1964 1014 2034 ἐφιλοτιμοῦντο
1050 1961 1110 2015 δὲ
1142 1962 1232 2015 καὶ
1266 1973 1522 2030 γυναῖκες
1560 1968 1689 2033 περί
1722 1984 1777 2016 τε

88 2053 282 2115 στολὰς
323 2053 594 2123 ἱερατικὰς
632 2051 722 2105 καὶ
753 2051 877 2122 περὶ
917 2048 1086 2104 τάλλα
1127 2052 1274 2104 ὅσων
1315 2053 1499 2121 ἔχρῃζε
1538 2048 1778 2121 τοῦργον

86 2143 296 2208 κόσμου
333 2161 390 2194 τε
430 2140 521 2194 καὶ
561 2145 903 2211 λειτουργίας
944 2140 1100 2193 ἕνεκα
1140 2149 1239 2193 τοῦ
1278 2145 1434 2192 θεοῦ.

200 2230 380 2296 <108>
419 2230 642 2282 πάντων
683 2229 731 2282 δ’
782 2229 840 2282 ἐν
882 2227 1077 2301 ἑτοίμῳ
1119 2226 1528 2296 γεγενημένων,
1567 2237 1777 2296 χρυσοῦ
1812 2251 1820 2260 ·

44 2331 142 2368 ὅτε
194 2315 285 2368 καὶ
331 2316 577 2386 ἀργύρου
624 2316 714 2370 καὶ
761 2322 967 2387 χαλκοῦ
1013 2316 1104 2369 καὶ
1151 2327 1260 2369 τῶν
1299 2317 1596 2385 ὑφαντῶν,
1645 2334 1777 2385 προ-

87 2405 258 2457 ειπὼν
306 2403 500 2474 ἑορτὴν
546 2409 794 2474 λἉωυσῆς
840 2405 929 2458 καὶ
974 2408 1177 2467 θυσίας
1223 2406 1358 2456 κατὰ
1405 2406 1505 2472 τὴν
1547 2402 1776 2457 ἑκάστου

90 2494 348 2561 δύναμιν,
380 2494 500 2562 ἵστη
534 2495 635 2562 τὴν
669 2496 893 2562 σκηνήν.
957 2494 1136 2561 <109>
1168 2504 1386 2563 πρῶτον
1420 2490 1519 2561 μὲν
1553 2497 1777 2561 αἴθριον

90 2581 589 2650 διαμετρησάμενος
648 2584 709 2635 τὸ
773 2579 873 2651 μὲν
936 2577 1096 2651 εὖρος
1150 2584 1488 2649 πεντήκοντα
1541 2583 1777 2649 πήχεων,

90 2667 282 2722 ἑκατὸν
336 2666 395 2722 δὲ
450 2672 511 2722 τὸ
560 2677 760 2738 μῆκος,
815 2671 1057 2738 κάμακας
1105 2672 1292 2738 ἔστησε
1349 2674 1548 2739 χαλκᾶς
1592 2687 1777 2721 πεντε-

22 2772 65 2804 30
89 2759 276 2826 πήχεις
329 2760 389 2811 τὸ
444 2758 613 2826 ὕψος,
664 2756 791 2810 καθ’
841 2756 1098 2827 ἑκατέραν
1150 2759 1394 2827 πλευρὰν
1445 2762 1616 2810 εἴκοσι
1667 2766 1776 2809 τῶν

210 2864 232 2912 ξ
268 2864 350 2903 103
377 2881 430 2897 =
456 2859 601 2904 Exod.
637 2859 807 2902 XXXV
841 2865 878 2903 6.
