2052 3141
839 73 1114 115 AETTEPA
1752 71 1818 123 91

130 210 228 261 τὸν
263 206 528 276 Ἰώσηπον
560 207 685 278 περὶ
718 207 899 259 αὐτῶν
931 206 1169 275 τάμείνω
1211 213 1512 276 φρονῆσαι·
1534 205 1582 258 >ὃ
1625 203 1687 258 δὲ
1726 209 1822 259 τὸν

126 293 386 364 Ἰάκωβον
435 298 605 359 ζῶντα
653 296 852 364 μαθὼν
900 294 989 347 καὶ
1036 297 1133 348 τὸν
1181 294 1427 369 ἀδελφὸν
1468 295 1569 347 οὐκ
1610 294 1823 347 ἀπολω«

131 387 291 452 λότα,
329 387 449 437 τότε
489 381 589 452 μὲν
630 386 707 446 εἰς
744 385 843 452 τὴν
884 384 1104 452 εἱρκτὴν
1145 383 1345 445 αὐτοὺς
1386 383 1457 445 ὡς
1498 381 1585 436 ἐπὶ
1626 388 1824 452 σχολῆς

130 475 446 540 βασανίσων
480 471 758 541 ἐνέβαλεν,
798 479 860 540 τῇ
896 468 956 523 δὲ
988 474 1141 541 τρίτῃ
1174 480 1283 524 τῶν
1323 471 1542 541 ἡμερῶν
1582 489 1822 541 προαγα-

85 561 244 627 ὃγὼν
299 561 531 629 αὐτούς,
583 560 764 628 <106>
815 559 980 612 ‘gnei’
1031 562 1172 628 φησί
1215 559 1649 628 τδιισχυρίζεσθε
1691 557 1815 628 μήτ’

131 647 216 700 ἐπὶ
268 652 569 719 κακουργίᾳ
618 658 728 701 τῶν
779 647 1046 717 βασιλέως
1095 648 1250 715 ἥκειν
1296 648 1629 717 πραγμάτων
1681 645 1829 700 εἷναί

128 756 183 788 τε
216 736 446 805 ἀδελφοὶ
483 736 572 789 καὶ
604 739 805 807 πατρὸς
838 733 905 790 οὗ
938 735 1138 804 λέγετε,
1179 734 1413 789 πείσαιτ’
1454 738 1522 788 ἄν
1556 757 1620 804 με
1653 733 1815 789 ταῦθ’

129 824 301 886 οὕτως
352 826 524 894 ἔχειν,
579 827 630 876 εί
678 828 1022 878 καταλίποιτε
1075 822 1175 893 μὲν
1224 824 1276 888 ἐξ
1330 825 1513 877 αὑτῶν
1554 824 1650 877 ἕνα
1688 822 1816 894 παρ’

129 911 275 980 ἐμοί,
315 909 489 981 μηδὲν
529 913 849 982 ὑβριστικὸν
891 915 1250 981 πεισόμενον,
1291 912 1722 981 ἀποκομίσαντες
1762 910 1824 965 δὲ

63 1014 104 1046 10
128 1002 224 1053 τὸν
277 1011 430 1054 σῖτον
480 1003 615 1071 πρὸς
665 1003 762 1054 τὸν
808 999 1012 1070 πατέρα
1058 1002 1224 1054 πάλιν
1278 1003 1493 1054 ἔλθοιτε
1533 1004 1669 1071 πρὸς
1710 998 1821 1069 ἐμέ,

127 1091 224 1142 τὸν
271 1088 544 1159 ἀδελφόν,
593 1089 658 1142 ὃν
697 1094 1014 1142 καταλιπεῖν
1064 1089 1177 1142 ἐκεῖ
1221 1088 1387 1157 φατέ,
1440 1087 1565 1157 μεθ’
1614 1088 1823 1142 ἑαυτῶν

128 1178 374 1245 ἄγοντες·
437 1187 600 1231 τοῦτο
664 1179 767 1247 γὰρ
832 1181 980 1230 ἔσται
1050 1181 1301 1246 πίστωμα
1364 1186 1456 1246 τῆς
1519 1177 1821 1247 ἀληθείαςῖ

127 1265 308 1335 <107>
355 1269 413 1320 οἳ
456 1265 504 1318 δ’
553 1265 613 1319 ἐν
661 1269 866 1334 μείζοσι
916 1277 1102 1329 κακοῖς
1148 1264 1320 1334 ἦσαν,
1377 1268 1596 1319 ἔκλαιόν
1636 1286 1691 1318 τε
1732 1265 1823 1319 καὶ

130 1364 371 1424 συνεχῶς
418 1357 553 1423 πρὸς
599 1354 871 1423 ἀλλήλους
918 1354 1346 1425 ἀνωλοφύροντο
1405 1356 1506 1423 τὴν
1556 1352 1822 1424 Ἰωσήπου

64 1454 105 1487 15
130 1444 443 1515 συμφοράν,
484 1443 557 1505 ὡς
596 1444 688 1494 διὰ
728 1444 793 1494 τὰ
833 1441 945 1494 κατ’
996 1442 1208 1495 ἐκείνου
1248 1442 1627 1511 βουλευθέντα
1659 1463 1823 1511 τιμω-

128 1539 359 1599 ροῦντος
405 1531 607 1593 αὐτοὺς
652 1539 749 1584 τοῦ
797 1537 937 1583 θεοῦ
988 1532 1202 1593 τούτοις
1241 1529 1603 1601 περιπέσοιεν.
1674 1530 1823 1585 Ῥού-

127 1622 295 1687 βηλος
335 1617 395 1672 δὲ
434 1622 606 1681 πολὺς
646 1615 714 1687 ἦν
760 1618 1102 1687 ἐπιπλήττων
1143 1620 1329 1681 αὐτοῖς
1382 1627 1475 1687 τῆς
1515 1623 1822 1688 μετανοίας,

129 1707 182 1770 ἐξ
223 1704 286 1776 ἧς
319 1710 516 1777 ὄφελος
549 1705 714 1760 οὐδὲν
748 1706 992 1779 Ἰωσήπῳ
1026 1711 1254 1776 γίνεται,
1294 1706 1484 1778 φέρειν
1526 1705 1574 1760 δ’
1623 1709 1824 1771 αὐτοὺς

127 1804 236 1848 πᾶν
277 1796 306 1848 ὅ
347 1816 396 1848 τι
436 1795 527 1848 καὶ
567 1796 832 1863 πάθοιεν,
872 1793 987 1848 κατ’
1037 1796 1282 1848 ἐκδικίαν
1324 1796 1538 1849 ἐκείνου
1580 1798 1823 1866 δρῶντος

63 1896 105 1929 20
129 1884 265 1937 αὐτὰ
295 1892 394 1938 τοῦ
426 1890 585 1951 θεοῦ,
625 1893 897 1954 καρτερῶς
936 1884 1108 1953 ἠξίου.
1188 1885 1369 1952 <108>
1402 1893 1570 1937 ταῦτα
1612 1882 1661 1936 δ’
1709 1888 1822 1937 ἔλε-

128 1993 228 2040 γον
267 1975 403 2043 πρὸς
434 1972 706 2042 ἀλλήλους
739 1973 840 2043 οὐχ
872 1972 1172 2041 ἡγούμενοι
1213 1975 1310 2026 τὸν
1344 1970 1611 2041 Ἰώσηπον
1652 1975 1822 2041 γλώτ-

126 2081 221 2129 της
251 2069 344 2130 τῆς
377 2061 559 2114 αὐτῶν
592 2059 863 2114 συνιέναι·
904 2064 1168 2130 κατήφεια
1202 2058 1262 2113 δὲ
1295 2061 1502 2124 πάντας
1541 2058 1648 2131 εἶχε
1688 2064 1824 2131 πρὸς

127 2152 255 2211 τοὺς
285 2148 585 2219 Ῥουβήλου
619 2153 819 2217 λόγους
857 2149 947 2202 καὶ
980 2160 1090 2202 τῶν
1129 2150 1465 2219 πραγμάτων
1506 2150 1822 2218 μετάμελος,

130 2237 309 2307 ὥσπερ
351 2238 450 2290 οὐκ
490 2239 670 2291 αὐτῶν
709 2234 1309 2308 ταῦτα’ψηφισαμένων
1351 2235 1435 2308 ἐφ’
1485 2231 1566 2300 οἷς
1605 2239 1822 2290 δίκαιον

63 2337 105 2369 25
130 2328 349 2394 ἔκρινον
388 2328 484 2379 τὸν
524 2328 661 2379 θεὸν
700 2329 1071 2395 κολαζόμενοι.
1150 2328 1332 2395 <109>
1372 2325 1590 2395 βλέπων
1632 2323 1680 2377 δ’
1730 2326 1823 2378 οὕ-

128 2433 232 2476 τως
266 2412 682 2483 ἀμηχανοῦντας
717 2415 918 2476 αὐτοὺς
959 2415 987 2467 ὁ
1024 2412 1283 2483 Ἰώσηπος
1321 2415 1428 2467 ὑπὸ
1469 2422 1567 2468 τοῦ
1607 2415 1824 2477 πάθους

129 2503 206 2564 εἰς
245 2502 457 2571 δάκρυα
502 2503 834 2572 προύπιπτε,
882 2500 972 2554 καὶ
1024 2504 1095 2570 μὴ
1136 2505 1474 2571 βουλόμενος
1513 2512 1627 2564 τοῖς
1666 2502 1824 2555 ἀδελ-

129 2599 255 2659 φοῖς
280 2588 541 2658 γενέσθαι
573 2592 887 2659 καταφανὴς
919 2590 1207 2661 ὑπεχώρει,
1239 2589 1329 2643 καὶ
1355 2592 1626 2643 διαλιπὼν
1658 2591 1823 2643 πάλιν

130 2673 225 2746 ἧκε
256 2681 392 2748 πρὸς
423 2678 636 2740 αὐτούς.
714 2678 896 2745 <110>
927 2677 1017 2731 καὶ
1051 2684 1326 2747 Συμεῶνα
1365 2681 1650 2748 κατασχὼν
1692 2680 1824 2748 ὅμη-

65 2777 108 2809 30
132 2786 232 2831 ρον
271 2774 366 2835 τῆς
398 2766 671 2819 ἐπανόδου
703 2776 812 2819 τῶν
847 2765 1103 2836 ἀδελφῶν
1143 2769 1537 2835 γενησόμενον,
1579 2766 1824 2830 ἐκείνους

251 2871 275 2920 g
311 2871 394 2911 105
422 2889 477 2903 =
501 2866 612 2910 Gen.
646 2867 768 2909 XLII
801 2871 870 2911 17.
