2052 3141
844 75 1120 117 TETAPTH
1717 69 1825 122 245

135 216 265 276 θεὸς
295 212 513 281 ἡγεμὼν
546 207 703 264 εἶναι.
766 207 1030 278 βασιλέως
1064 207 1121 260 δ’
1156 208 1207 259 εἰ
1242 205 1457 275 γένοιτο
1499 207 1634 275 ἔρως
1673 204 1826 273 ὑμῖν,

140 304 274 355 ἔστω
315 298 415 370 μὲν
456 296 617 362 οὗτος
657 299 954 367 ὁμόφυλος,
993 298 1227 362 πρόνοια
1267 292 1316 347 δ’
1356 295 1502 366 αὐτῷ
1546 294 1826 346 δικαιοσύ-

137 411 235 459 νης
283 386 373 441 καὶ
423 396 518 457 τῆς
567 389 735 455 ἄλλης
785 384 978 456 ἀρετῆς
1029 386 1120 437 διὰ
1166 385 1368 446 παντὸς
1416 385 1569 436 ἔστω.
1647 381 1829 449 <224>

136 479 522 547 παραχωρείτω
557 473 606 528 δ’
646 471 806 537 οὗτος
843 483 956 536 τοῖς
995 470 1095 542 μὲν
1133 460 1326 541 νόμοις
1364 470 1454 524 καὶ
1494 477 1566 542 τῷ
1608 475 1724 542 θεῷ
1766 471 1831 522 τὰ

94 568 364 619 ὅπλείονα
418 573 516 618 τοῦ
571 572 834 634 φρονεῖν,
888 559 1162 632 πραττέτω
1219 556 1278 612 δὲ
1333 556 1506 628 μηδὲν
1559 561 1684 628 δίχα
1731 566 1831 611 τοῦ

139 652 431 724 ἀρχιερέως
476 651 566 705 καὶ
615 659 708 720 τῆς
753 660 863 704 τῶν
904 657 1310 718 γερουσιαστῶν
1349 648 1600 716 γνώμης,
1639 647 1834 715 γάμοις

140 761 195 795 τε
236 744 308 811 μὴ
348 746 572 803 πολλοῖς
602 741 899 810 χρώμενος,
941 735 1077 807 μηδὲ
1116 742 1329 805 πλῆθος
1369 738 1586 788 διώκων
1627 736 1832 806 χρημά-

142 851 251 883 των
300 827 425 899 μηδ’
473 831 683 896 ἵππων,
730 823 809 880 ὧν
856 827 1002 898 αὐτῷ
1051 824 1514 895 παραγενομένων
1555 824 1834 894 ὑπερήφα-

140 938 238 981 νος
277 917 346 970 ἂν
386 927 494 970 τῶν
533 921 722 985 νόμων
762 915 994 984 γένοιτο.
1073 913 1373 967 κωλυέσθω
1417 911 1497 981 δ’,
1537 914 1587 966 εἰ
1623 913 1836 965 τούτων

77 1023 119 1054 10
144 1027 195 1060 τι
235 1008 327 1059 διὰ
379 1007 622 1073 σπουδῆς
663 1007 803 1075 ἔχοι,
851 1007 1107 1072 γίνεσθαι
1147 1012 1244 1057 τοῦ
1287 1000 1664 1072 συμφέροντος
1702 1000 1836 1068 ὑμῖν

143 1096 531 1165 δυνατώτερος.

256 1184 438 1252 (225)
485 1184 649 1253 ὅρους
703 1190 801 1250 γῆς
853 1183 923 1250 μὴ
983 1179 1174 1244 ἐξέστω
1226 1189 1402 1233 κινεῖν
1458 1176 1582 1248 μήτ’
1638 1179 1839 1239 οἰκείας

144 1268 264 1340 μήτ’
297 1271 585 1341 ἀλλοτρίας
609 1272 744 1339 πρὸς
777 1270 872 1332 οὕς
898 1268 1046 1321 ἐστιν
1070 1269 1204 1336 ὑμῖν
1229 1269 1441 1337 εἰρήνη·
1475 1264 1838 1336 φυλαττέσθω

146 1358 193 1412 δ’
228 1361 408 1429 ὥσπερ
433 1365 572 1412 θεοῦ
598 1366 787 1427 ψῆφον
820 1359 1048 1425 βεβαίαν
1081 1357 1158 1418 εἰς
1191 1357 1364 1407 αἰῶνα
1396 1353 1653 1423 κειμένην
1687 1353 1840 1406 ἀναι-

78 1463 120 1496 15
146 1457 290 1518 ρεῑν,
342 1449 414 1510 ὡς
463 1445 721 1515 πολέμων
771 1445 1031 1498 ἐντεῦθεν
1078 1442 1168 1497 καὶ
1217 1444 1460 1496 στάσεων
1511 1441 1841 1511 γινομένων,

145 1535 203 1589 ἐκ
250 1545 348 1589 τοῦ
395 1541 861 1596 πλεονεκτοῦντας
905 1531 1234 1602 προσωτέρω
1283 1542 1481 1602 χωρεῖν
1533 1532 1842 1600 βούλεσθαι

144 1634 252 1676 τῶν
286 1625 448 1693 ὅρων.
519 1625 590 1692 μὴ
625 1624 728 1693 γὰρ
763 1623 976 1691 μακρὰν
1017 1618 1158 1674 εἶναι
1198 1629 1296 1674 τοῦ
1336 1619 1426 1673 καὶ
1468 1622 1596 1681 τοὺς
1634 1621 1841 1688 νόμους

146 1712 499 1781 ὑπερβαίνειν
540 1714 668 1774 τοὺς
706 1713 803 1764 τὸν
845 1710 978 1780 ὅρον
1019 1717 1459 1778 μετακινοῦντας.

258 1801 438 1868 <226>
489 1806 593 1867 γῆν
650 1799 677 1852 ὁ
733 1799 1041 1867 φυτεύσας,
1094 1799 1199 1864 πρὸ
1256 1796 1392 1849 ε’τῶν
1448 1796 1722 1865 τεττάρων
1774 1795 1842 1847 ἂν

81 1904 124 1937 20
150 1891 361 1959 καρπὸν
401 1887 652 1958 προβάλῃ
700 1888 764 1939 τὰ
815 1887 985 1956 φυτά,
1033 1888 1163 1954 μήτε
1203 1891 1276 1956 τςό
1319 1890 1432 1956 θεῷ
1476 1884 1718 1954 ἀπαρχὰς
1758 1883 1844 1936 ἐν-

149 1983 349 2031 τεῦθεν
398 1975 715 2046 ἀποφερέτω
765 1973 884 2043 μήτ’
934 1974 1096 2036 αὐτὸς
1142 1976 1394 2043 χρήσθω·
1445 1972 1510 2025 οὐ
1557 1973 1662 2041 γὰρ
1710 1972 1844 2024 κατὰ

151 2068 345 2136 καιρὸν
391 2073 589 2119 τοῦτον
637 2061 726 2116 ὑπ’
787 2063 970 2116 αὐτῶν
1019 2062 1347 2132 ἐνεχθῆναι,
1397 2059 1732 2129 βιασαμένης
1783 2058 1845 2113 δὲ

151 2162 244 2223 τῆς
281 2155 498 2224 φύσεως
537 2151 727 2222 ἀώρως
760 2154 890 2221 μήτε
929 2159 1003 2223 τῷ
1044 2156 1160 2222 θεῷ
1203 2149 1489 2219 ἁρμόττειν
1529 2146 1649 2217 μήτ’
1697 2148 1843 2220 αὐτῷ

154 2250 226 2314 τςό
270 2244 507 2311 δεσπότῃ
548 2246 805 2311 χρῆσθαι.
882 2241 1063 2308 <227>
1103 2246 1177 2310 τῷ
1221 2235 1281 2290 δὲ
1321 2238 1555 2310 τετάρτῳ
1596 2238 1844 2307 τρυγάτω

89 2344 131 2377 25
155 2339 266 2384 πᾶν
306 2332 366 2383 τὸ
407 2332 708 2397 γενόμενον
750 2329 891 2398 (τότε
926 2329 1028 2397 γὰρ
1063 2328 1232 2397 ὥριον
1273 2323 1437 2396 εἶναι)
1478 2325 1569 2378 καὶ
1609 2341 1846 2393 συναγα-

154 2421 268 2488 γὼν
313 2420 391 2480 είς
429 2418 529 2485 τὴν
572 2418 725 2487 ἱερὰν
757 2420 920 2470 πόλιν
953 2414 1232 2484 κομιζέτω,
1272 2413 1361 2467 καὶ
1401 2417 1506 2468 σὺν
1545 2422 1607 2483 τῇ
1649 2414 1846 2483 δεκάτῃ

153 2516 252 2560 τοῦ
294 2507 464 2559 ἄλλου
503 2513 716 2576 καρποῦ
756 2506 889 2573 μετὰ
927 2513 1038 2557 τῶν
1077 2506 1257 2573 φίλων
1298 2503 1676 2573 εὐωχούμενος
1715 2502 1846 2554 ἀνα-

156 2593 402 2663 λισκέτω,
440 2593 531 2647 καὶ
571 2591 683 2663 μετ’
724 2593 986 2663 ὀρφανῶν
1027 2590 1117 2644 καὶ
1156 2601 1511 2661 χηρευουσῶν
1551 2600 1844 2659 γυναικῶν.

155 2682 400 2752 πέμπτου
450 2680 498 2734 δ’
547 2684 702 2744 ἔτους
748 2683 938 2751 κύριος
985 2683 1121 2733 ἔστω
1170 2680 1234 2731 τὰ
1282 2681 1427 2749 φυτὰ
1479 2685 1845 2749 καρποῦσθαι.

273 2804 296 2852 ξ
331 2804 414 2842 223
442 2821 495 2834 =
521 2798 707 2841 Denter.
748 2797 877 2840 XVII
919 2802 984 2841 14.
1142 2800 1166 2851 ἓ
1201 2801 1284 2839 225
1322 2818 1377 2832 =
1409 2796 1594 2840 Denter.
1628 2795 1735 2838 XIX
1771 2800 1846 2848 143

152 2871 324 2916 XXVII
359 2878 425 2916 17.
549 2876 572 2925 ἓ
606 2877 691 2915 226
719 2893 771 2907 =
798 2870 944 2917 Levit.
977 2872 1081 2915 XIX
1113 2878 1182 2918 23.

1872 1189 1926 1229 18

1878 1808 1930 1848 19
