2052 3141
861 91 1134 131 TETAPTH
1731 65 1838 140 259

150 221 251 294 μὲν
290 222 559 292 νέμεσθαι
597 223 868 293 παράσχοι
916 232 1030 284 τοῖς
1075 221 1427 292 κεκτημένοις
1467 223 1666 290 αὐτήν,
1712 221 1832 291 μήτ’

150 312 455 382 ἀλλοτρίων
487 312 564 373 είς
596 310 769 379 αὐτὴν
803 309 890 363 ἐπὶ
922 312 1155 363 κακώσει
1197 311 1667 380 στρατευσάντων,
1706 313 1839 379 μήτε

149 400 387 462 στάσεως
419 399 690 469 ἐμφυλίου
723 400 1099 469 κατασχούσης
1136 399 1296 467 ὑμᾶς,
1336 398 1430 469 ὑφ’
1476 396 1540 468 ἧς
1577 399 1840 453 τάναντιά

146 489 382 559 πατράσι
427 498 541 550 τοῖς
588 485 797 541 ἑαυτῶν
847 488 1175 557 πράττοντες
1215 487 1464 541 ἀπολεῖτε
1505 490 1569 540 τὰ
1609 487 1841 551 ἐκείνοις

102 592 122 625 5
146 574 505 646 νομισθέντα·
568 576 750 645 <295>
789 577 1066 646 χρώμενοί
1100 596 1155 629 τε
1196 579 1417 645 νόμοις,
1457 576 1552 639 οὓς
1592 576 1840 645 ἀγαθοὺς

147 665 447 734 δοκιμάσας
487 665 515 718 ὁ
556 666 688 727 θεὸς
726 666 1099 734 παραδίδωσι,
1149 667 1498 734 διατελοίητε.
1577 668 1740 735 ἔργον
1782 661 1831 718 δ’

146 753 174 805 ὅ
225 773 277 806 τι
328 753 397 806 ἂν
452 755 750 822 πολεμικὸν
802 753 834 821 ἢ
882 762 989 806 νῦν
1036 751 1131 822 ὑφ’
1177 753 1334 822 ὑμῶν
1383 754 1414 822 ἢ
1462 754 1695 824 ὕστερον
1751 753 1838 807 ἐπὶ

143 842 358 894 παίδων
398 840 677 911 ὑμετέρων
716 839 969 910 γένηται,
1008 840 1164 895 τοῦθ’
1211 843 1509 913 ὑπερόριον
1548 846 1836 913 πραχθείη.

145 929 324 996 <296>
364 927 662 998 μέλλοντας
710 926 770 981 δὲ
816 934 1075 998 πολεμεῖν
1122 934 1418 1000 πρεσβείαν
1469 929 1559 983 καὶ
1597 934 1838 1001 κήρυκας

80 1035 122 1066 10
144 1014 377 1085 πέμπειν
417 1018 563 1088 παρὰ
602 1020 731 1080 τοὺς
771 1015 1034 1080 ἑκουσίως
1072 1022 1389 1087 πολεμιόυς·
1436 1022 1541 1088 πρὸ
1583 1020 1686 1087 γὰρ
1727 1030 1837 1073 τῶν

142 1105 328 1158 ὅπλων
379 1107 549 1158 καλὸν
597 1102 739 1158 εἶναι
777 1111 1017 1175 χρῆσθαι
1069 1109 1253 1174 λόγοις
1291 1109 1427 1177 πρὸς
1466 1108 1690 1176 αὐτούς,
1743 1110 1836 1177 δη-

142 1197 377 1256 λοῦντας
423 1194 505 1246 ὅτι
553 1193 642 1247 καὶ
692 1195 950 1264 στρατιὰν
997 1197 1208 1263 πολλὴν
1257 1197 1470 1265 ἔχοντες
1508 1194 1598 1248 καὶ
1637 1197 1836 1260 ’ἵππους

143 1281 234 1334 καὶ
275 1282 442 1351 ὅπλα,
488 1281 578 1335 καὶ
619 1285 724 1352 πρὸ
764 1284 976 1336 τούτων
1015 1282 1216 1351 εὐμενῆ
1259 1286 1355 1336 τὸν
1393 1286 1531 1336 θεὸν
1570 1283 1660 1337 καὶ
1701 1287 1835 1354 σύμ-

140 1391 335 1441 μαχον,
370 1371 515 1440 ὅμως
547 1370 761 1434 ἀξιοῦτε
796 1373 866 1439 μὴ
901 1370 1304 1439 ἀναγκάζεσθαι
1337 1377 1596 1442 πολεμεῖν
1628 1373 1833 1442 αὐτοῖς,

74 1476 114 1509 15
139 1457 276 1528 μηδὲ
323 1459 588 1512 τάκείνων
637 1458 1082 1529 ἀφαιρουμένους
1130 1460 1440 1529 ἀβούλητον
1491 1461 1676 1524 αὑτοῖς
1715 1461 1834 1532 κέρ-

141 1549 236 1610 δος
267 1549 728 1618 προσλαμβάνειν.
791 1548 972 1617 <297>
1004 1547 1092 1601 καὶ
1125 1547 1476 1618 πειθομένων
1516 1547 1617 1618 μὲν
1651 1556 1834 1625 Ικαλῶς

139 1637 279 1706 ὑμᾶς
334 1638 442 1706 ἔχει
499 1638 598 1705 τὴν
648 1638 875 1707 εἰρήνην
923 1638 1241 1706 φυλάττειν·
1292 1640 1342 1689 εί
1388 1636 1446 1690 δὲ
1493 1648 1833 1709 φρονοῦντες

140 1722 225 1795 ἐφ’
281 1723 494 1787 ἑαυτοῖς
549 1725 621 1788 ὡς
677 1727 823 1794 ίσχύι
880 1724 1243 1795 διαφέρουσιν
1302 1726 1512 1780 ἀδικεῖν
1564 1726 1833 1796 ἐθέλοιεν,

141 1815 374 1883 στρατὸν
401 1812 481 1866 ἐπ’
515 1813 714 1877 αὐτοὺς
747 1814 993 1883 ἀγάγετε,
1027 1822 1308 1887 στρατηγῷ
1336 1812 1437 1884 μὲν
1471 1815 1830 1886 αὐτοκράτορι

73 1919 115 1950 20
137 1903 411 1972 χρώμενοι
460 1909 533 1974 τῷ
582 1908 730 1974 θεῷ,
776 1903 1193 1973 ὑποστράτηγον
1243 1901 1303 1956 δὲ
1349 1908 1832 1974 χειροτονήσαντες

140 1989 247 2063 ἕναἱ
283 1993 380 2044 τὸν
431 1989 594 2061 ἀρετῇ
645 1993 980 2061 προύχοντα·
1029 1996 1336 2063 πολυαρχία
1383 1993 1514 2062 γάρ,
1569 1995 1705 2063 πρὸς
1755 2001 1828 2065 τῷ

138 2088 252 2142 τοῖς
291 2077 455 2143 ὀξέως
501 2098 552 2131 τι
599 2080 856 2150 πράττειν
902 2080 1147 2149 ἀνάγκην
1189 2083 1411 2151 ἔχουσιν
1451 2081 1717 2150 ε’μπόδιον
1757 2079 1831 2135 εἶ-

138 2187 249 2236 ναι,
287 2165 378 2220 καὶ
402 2167 664 2236 βλάπτειν
688 2166 894 2237 πέφυκε
920 2171 1048 2231 τοὺς
1071 2168 1400 2239 χρωμένους.
1464 2169 1645 2237 <298>
1671 2184 1831 2240 στρα-

137 2258 235 2309 τὸν
269 2252 320 2308 δ’
360 2256 514 2322 ἄγειν
547 2259 817 2325 καθαρόν,
858 2256 916 2309 ἐκ
955 2258 1177 2310 πάντων
1217 2267 1325 2310 τῶν
1367 2258 1521 2328 ῥώμῃ
1563 2258 1830 2326 σωμάτων

72 2359 114 2392 25
138 2341 229 2396 καὶ
276 2350 454 2412 ψυχῆς
499 2343 760 2414 εὐτολμία
807 2345 1213 2415 διαφερόντων,
1262 2349 1320 2399 τὸ
1371 2343 1431 2399 δὲ
1473 2348 1658 2399 δειλὸν
1698 2346 1829 2400 ἀπο-

138 2434 459 2502 κρίναντας,
511 2432 583 2499 μὴ
635 2433 764 2494 τοὺς
809 2437 1105 2501 πολεμίους
1151 2435 1297 2504 παρὰ
1348 2430 1587 2504 τοῦργον
1625 2432 1830 2505 τραπὲν

138 2522 216 2583 εἰς
254 2521 441 2589 φυγὴν
488 2520 758 2590 ὠφελήσῃ.
836 2523 963 2584 τούς
1009 2541 1064 2574 τε
1112 2521 1309 2575 νεωστὶ
1351 2521 1712 2591 δειμαμένους
1752 2526 1828 2577 οἰ-

137 2611 282 2677 κίας,
330 2601 411 2670 οἷς
459 2606 610 2661 οὔπω
658 2611 855 2678 χρόνος
903 2609 1256 2674 ἀπολαύσεως
1304 2612 1484 2664 αὐτῶν
1535 2610 1830 2694 ἐνιαύσιος,

138 2695 229 2750 καὶ
267 2697 670 2767 φυτεύσαντας,
711 2697 863 2750 οὔπω
906 2695 966 2750 δὲ
1006 2709 1230 2770 καρπῶν
1271 2702 1692 2769 μετεσχηκότας,
1733 2700 1828 2754 ἐᾶν

258 2817 282 2866 ξ
323 2818 410 2857 296
444 2834 500 2849 --
532 2811 718 2856 Deuter.
752 2812 837 2860 XX
873 2819 939 2858 10.
1093 2820 1116 2867 ξ
1155 2820 1240 2859 298
1279 2837 1333 2852 =
1366 2815 1553 2859 Denter.
1589 2816 1739 2859 XXIII
1780 2821 1826 2869 93

142 2885 226 2928 XX
261 2891 301 2930 5.

1471 2965 1561 3007 17²¹<
