<?xml version="1.0" encoding="UTF-8"?>
<!DOCTYPE html PUBLIC "-//W3C//DTD XHTML 1.0 Transitional//EN"
    "http://www.w3.org/TR/xhtml1/DTD/xhtml1-transitional.dtd">
<html xmlns="http://www.w3.org/1999/xhtml" xml:lang="en" lang="en">
 <head>
  <title>
</title>
<meta http-equiv="Content-Type" content="text/html;charset=utf-8" />
  <meta name='ocr-system' content='tesseract 3.04.00' />
  <meta name='ocr-capabilities' content='ocr_page ocr_carea ocr_par ocr_line ocrx_word'/>
</head>
<body>
  <div class='ocr_page' id='page_1' title='image "./flaviiiosephiope01joseuoft_0245.png"; bbox 0 0 2052 3141; ppageno 0'>
   <div class='ocr_carea' id='block_1_1' title="bbox 822 25 1796 75">
    <p class='ocr_par' dir='ltr' id='par_1_1' title="bbox 822 25 1796 75">
     <span class='ocr_line' id='line_1_1' title="bbox 822 25 1796 75; baseline 0.009 -8"><span class='ocrx_word' id='word_1_1' title='bbox 822 27 1095 68; x_wconf 82' lang='lat' dir='ltr'>TETAPTH</span> <span class='ocrx_word' id='word_1_2' title='bbox 1691 25 1756 75; x_wconf 80' lang='lat'><em>21</em></span> <span class='ocrx_word' id='word_1_3' title='bbox 1771 27 1796 75; x_wconf 87' lang='lat'>1</span> 
     </span>
    </p>
   </div>
   <div class='ocr_carea' id='block_1_2' title="bbox 50 159 1867 2793">
    <p class='ocr_par' dir='ltr' id='par_1_2' title="bbox 50 159 1867 2793">
     <span class='ocr_line' id='line_1_2' title="bbox 116 159 1802 230; baseline -0.002 -15"><span class='ocrx_word' id='word_1_4' title='bbox 116 182 284 230; x_wconf 91' lang='grc' dir='ltr'><em>νητον</em></span> <span class='ocrx_word' id='word_1_5' title='bbox 322 169 416 229; x_wconf 88' lang='grc' dir='ltr'><em>τῆς</em></span> <span class='ocrx_word' id='word_1_6' title='bbox 452 169 563 213; x_wconf 85' lang='grc' dir='ltr'><em>τῶν</em></span> <span class='ocrx_word' id='word_1_7' title='bbox 602 160 993 230; x_wconf 75' lang='grc' dir='ltr'><em>ἡμαρτηκότων</em></span> <span class='ocrx_word' id='word_1_8' title='bbox 1033 159 1322 221; x_wconf 74' lang='grc' dir='ltr'><em>κολάσεως.</em></span> <span class='ocrx_word' id='word_1_9' title='bbox 1386 162 1453 212; x_wconf 90' lang='grc' dir='ltr'><em>σὺ</em></span> <span class='ocrx_word' id='word_1_10' title='bbox 1494 160 1597 228; x_wconf 79' lang='grc' dir='ltr'><em>γὰρ</em></span> <span class='ocrx_word' id='word_1_11' title='bbox 1639 159 1802 220; x_wconf 88' lang='grc' dir='ltr'><em>αὐτὸς</em></span> 
     </span>
     <span class='ocr_line' id='line_1_3' title="bbox 117 245 1799 316; baseline -0.002 -13"><span class='ocrx_word' id='word_1_12' title='bbox 117 248 284 304; x_wconf 80' lang='grc' dir='ltr'><em>οἶσθα</em></span> <span class='ocrx_word' id='word_1_13' title='bbox 330 249 403 311; x_wconf 85' lang='grc' dir='ltr'><em>ὡς</em></span> <span class='ocrx_word' id='word_1_14' title='bbox 450 248 516 302; x_wconf 87' lang='grc' dir='ltr'><em>οὐ</em></span> <span class='ocrx_word' id='word_1_15' title='bbox 565 250 779 301; x_wconf 89' lang='grc' dir='ltr'><em>δίκαιον</em></span> <span class='ocrx_word' id='word_1_16' title='bbox 827 245 963 315; x_wconf 75' lang='grc' dir='ltr'><em>ὑπὲρ</em></span> <span class='ocrx_word' id='word_1_17' title='bbox 1013 256 1106 315; x_wconf 89' lang='grc' dir='ltr'><em>τῆς</em></span> <span class='ocrx_word' id='word_1_18' title='bbox 1153 247 1377 300; x_wconf 78' lang='grc' dir='ltr'><strong><em>ἐκείνων</em></strong></span> <span class='ocrx_word' id='word_1_19' title='bbox 1416 251 1604 309; x_wconf 88' lang='grc' dir='ltr'><em>κακίας</em></span> <span class='ocrx_word' id='word_1_20' title='bbox 1642 255 1799 316; x_wconf 78' lang='grc' dir='ltr'><em>κοινῆ</em></span> 
     </span>
     <span class='ocr_line' id='line_1_4' title="bbox 115 336 1348 407; baseline -0.002 -17"><span class='ocrx_word' id='word_1_21' title='bbox 115 339 319 400; x_wconf 77' lang='grc' dir='ltr'><em>πάντας</em></span> <span class='ocrx_word' id='word_1_22' title='bbox 351 336 685 407; x_wconf 76' lang='grc' dir='ltr'><em>Ἰσραηλίτας</em></span> <span class='ocrx_word' id='word_1_23' title='bbox 724 340 988 405; x_wconf 75' lang='grc' dir='ltr'><em>τιμωρίαν</em></span> <span class='ocrx_word' id='word_1_24' title='bbox 1030 336 1348 388; x_wconf 80' lang='grc' dir='ltr'><em>ἐκτινύναι.’</em></span> 
     </span>
     <span class='ocr_line' id='line_1_5' title="bbox 229 421 1860 494; baseline -0.001 -15"><span class='ocrx_word' id='word_1_25' title='bbox 229 427 372 494; x_wconf 79' lang='grc'>&lt;51&gt;</span> <span class='ocrx_word' id='word_1_26' title='bbox 418 423 567 478; x_wconf 80' lang='grc' dir='ltr'><em>ταῦτ’</em></span> <span class='ocrx_word' id='word_1_27' title='bbox 614 427 863 487; x_wconf 81' lang='grc' dir='ltr'><em>εἰπόντος</em></span> <span class='ocrx_word' id='word_1_28' title='bbox 917 423 1006 477; x_wconf 85' lang='grc' dir='ltr'><em>καὶ</em></span> <span class='ocrx_word' id='word_1_29' title='bbox 1064 426 1398 493; x_wconf 71' lang='grc' dir='ltr'><em>δακρύοντος</em></span> <span class='ocrx_word' id='word_1_30' title='bbox 1450 428 1648 478; x_wconf 83' lang='grc' dir='ltr'><em>σείεται</em></span> <span class='ocrx_word' id='word_1_31' title='bbox 1700 421 1801 493; x_wconf 74' lang='grc' dir='ltr'><em>μὲν</em></span> <span class='ocrx_word' id='word_1_32' title='bbox 1835 439 1860 476; x_wconf 88' lang='lat'><strong>3</strong></span> 
     </span>
     <span class='ocr_line' id='line_1_6' title="bbox 72 511 1802 584; baseline 0.001 -21"><span class='ocrx_word' id='word_1_33' title='bbox 72 532 91 563; x_wconf 80' lang='lat'>5</span> <span class='ocrx_word' id='word_1_34' title='bbox 118 516 402 584; x_wconf 83' lang='grc' dir='ltr'><em>αἰφνίδιον</em></span> <span class='ocrx_word' id='word_1_35' title='bbox 435 515 466 582; x_wconf 83' lang='grc' dir='ltr'><em>ἡ</em></span> <span class='ocrx_word' id='word_1_36' title='bbox 502 522 589 582; x_wconf 81' lang='grc' dir='ltr'><em>γῆ,</em></span> <span class='ocrx_word' id='word_1_37' title='bbox 629 514 800 566; x_wconf 92' lang='grc' dir='ltr'><em>σάλου</em></span> <span class='ocrx_word' id='word_1_38' title='bbox 835 511 884 565; x_wconf 82' lang='grc' dir='ltr'><em>δ’</em></span> <span class='ocrx_word' id='word_1_39' title='bbox 919 511 1000 565; x_wconf 83' lang='grc' dir='ltr'><em>ἐπ’</em></span> <span class='ocrx_word' id='word_1_40' title='bbox 1032 514 1197 581; x_wconf 86' lang='grc' dir='ltr'><em>αὐτῆς</em></span> <span class='ocrx_word' id='word_1_41' title='bbox 1237 512 1580 581; x_wconf 70' lang='grc' dir='ltr'><em>κινηθέντος,</em></span> <span class='ocrx_word' id='word_1_42' title='bbox 1621 515 1802 583; x_wconf 83' lang='grc' dir='ltr'><em>ὥσπερ</em></span> 
     </span>
     <span class='ocr_line' id='line_1_7' title="bbox 118 598 1804 671; baseline 0 -16"><span class='ocrx_word' id='word_1_43' title='bbox 118 602 171 666; x_wconf 81' lang='grc' dir='ltr'><em>ἐξ</em></span> <span class='ocrx_word' id='word_1_44' title='bbox 213 600 418 671; x_wconf 78' lang='grc' dir='ltr'><em>ἀνέμου</em></span> <span class='ocrx_word' id='word_1_45' title='bbox 458 605 580 670; x_wconf 86' lang='grc' dir='ltr'><em>βίας</em></span> <span class='ocrx_word' id='word_1_46' title='bbox 611 600 983 670; x_wconf 77' lang='grc' dir='ltr'><em>σαλευομένου</em></span> <span class='ocrx_word' id='word_1_47' title='bbox 1017 602 1270 669; x_wconf 81' lang='grc' dir='ltr'><em>κύματος,</em></span> <span class='ocrx_word' id='word_1_48' title='bbox 1309 609 1412 662; x_wconf 80' lang='grc' dir='ltr'><em>πᾶς</em></span> <span class='ocrx_word' id='word_1_49' title='bbox 1452 598 1552 669; x_wconf 76' lang='grc' dir='ltr'><em>μὲν</em></span> <span class='ocrx_word' id='word_1_50' title='bbox 1594 603 1804 655; x_wconf 77' lang='grc' dir='ltr'><em>ἔδεισεν</em></span> 
     </span>
     <span class='ocr_line' id='line_1_8' title="bbox 118 687 1804 759; baseline -0.001 -15"><span class='ocrx_word' id='word_1_51' title='bbox 118 692 145 744; x_wconf 91' lang='grc' dir='ltr'>ὁ</span> <span class='ocrx_word' id='word_1_52' title='bbox 187 693 334 757; x_wconf 82' lang='grc' dir='ltr'><em>λαός,</em></span> <span class='ocrx_word' id='word_1_53' title='bbox 372 691 619 758; x_wconf 78' lang='grc' dir='ltr'><em>πατάγου</em></span> <span class='ocrx_word' id='word_1_54' title='bbox 669 687 728 742; x_wconf 74' lang='grc' dir='ltr'><em>δὲ</em></span> <span class='ocrx_word' id='word_1_55' title='bbox 780 689 868 742; x_wconf 83' lang='grc' dir='ltr'><em>καὶ</em></span> <span class='ocrx_word' id='word_1_56' title='bbox 911 694 1152 758; x_wconf 85' lang='grc' dir='ltr'><em>σκληροῦ</em></span> <span class='ocrx_word' id='word_1_57' title='bbox 1194 687 1454 758; x_wconf 77' lang='grc' dir='ltr'><em>ῥαγέντος</em></span> <span class='ocrx_word' id='word_1_58' title='bbox 1496 691 1629 759; x_wconf 80' lang='grc' dir='ltr'><em>ἤχου</em></span> <span class='ocrx_word' id='word_1_59' title='bbox 1669 691 1804 742; x_wconf 81' lang='grc' dir='ltr'><em>κατὰ</em></span> 
     </span>
     <span class='ocr_line' id='line_1_9' title="bbox 116 776 1804 847; baseline -0.001 -16"><span class='ocrx_word' id='word_1_60' title='bbox 116 780 210 842; x_wconf 78' lang='grc' dir='ltr'><em>τὰς</em></span> <span class='ocrx_word' id='word_1_61' title='bbox 257 778 482 831; x_wconf 80' lang='grc' dir='ltr'><em>ἐκείνων</em></span> <span class='ocrx_word' id='word_1_62' title='bbox 531 780 732 847; x_wconf 84' lang='grc' dir='ltr'><em>σκηνὰς</em></span> <span class='ocrx_word' id='word_1_63' title='bbox 780 781 1068 846; x_wconf 80' lang='grc' dir='ltr'><em>συνίζησεν</em></span> <span class='ocrx_word' id='word_1_64' title='bbox 1115 778 1145 845; x_wconf 79' lang='grc' dir='ltr'>ἡ</span> <span class='ocrx_word' id='word_1_65' title='bbox 1187 786 1290 845; x_wconf 74' lang='grc' dir='ltr'><em>γῆ,</em></span> <span class='ocrx_word' id='word_1_66' title='bbox 1344 776 1435 830; x_wconf 83' lang='grc' dir='ltr'><em>καὶ</em></span> <span class='ocrx_word' id='word_1_67' title='bbox 1481 776 1654 830; x_wconf 80' lang='grc' dir='ltr'><em>πάνθ’</em></span> <span class='ocrx_word' id='word_1_68' title='bbox 1703 779 1804 830; x_wconf 83' lang='grc' dir='ltr'><em>ὅσα</em></span> 
     </span>
     <span class='ocr_line' id='line_1_10' title="bbox 115 865 1804 936; baseline 0 -17"><span class='ocrx_word' id='word_1_69' title='bbox 115 871 250 936; x_wconf 81' lang='grc' dir='ltr'><em>φίλα</em></span> <span class='ocrx_word' id='word_1_70' title='bbox 299 868 513 929; x_wconf 87' lang='grc' dir='ltr'><em>τούτοις</em></span> <span class='ocrx_word' id='word_1_71' title='bbox 561 865 632 935; x_wconf 78' lang='grc' dir='ltr'><em>ῆν</em></span> <span class='ocrx_word' id='word_1_72' title='bbox 681 867 988 935; x_wconf 79' lang='grc' dir='ltr'><em>ὑπήνεγκεν</em></span> <span class='ocrx_word' id='word_1_73' title='bbox 1038 869 1115 928; x_wconf 89' lang='grc' dir='ltr'><em>είς</em></span> <span class='ocrx_word' id='word_1_74' title='bbox 1155 867 1341 935; x_wconf 87' lang='grc' dir='ltr'><em>αὑτήν.</em></span> <span class='ocrx_word' id='word_1_75' title='bbox 1421 867 1564 934; x_wconf 69' lang='lat'>&lt;52¹&gt;</span> <span class='ocrx_word' id='word_1_76' title='bbox 1605 868 1804 936; x_wconf 81' lang='grc' dir='ltr'><em>ἠφανι-</em></span> 
     </span>
     <span class='ocr_line' id='line_1_11' title="bbox 50 952 1804 1024; baseline 0.002 -21"><span class='ocrx_word' id='word_1_77' title='bbox 50 972 92 1003; x_wconf 82' lang='lat'><em>10</em></span> <span class='ocrx_word' id='word_1_78' title='bbox 117 953 334 1023; x_wconf 88' lang='grc' dir='ltr'><em>σμένων</em></span> <span class='ocrx_word' id='word_1_79' title='bbox 368 953 417 1007; x_wconf 84' lang='grc' dir='ltr'><em>δ’</em></span> <span class='ocrx_word' id='word_1_80' title='bbox 450 956 623 1018; x_wconf 80' lang='grc' dir='ltr'><em>οὕτως</em></span> <span class='ocrx_word' id='word_1_81' title='bbox 663 956 734 1017; x_wconf 82' lang='grc' dir='ltr'><em>ὡς</em></span> <span class='ocrx_word' id='word_1_82' title='bbox 767 952 903 1023; x_wconf 74' lang='grc' dir='ltr'><em>μηδὲ</em></span> <span class='ocrx_word' id='word_1_83' title='bbox 936 958 1155 1024; x_wconf 81' lang='grc' dir='ltr'><em>φθῆναί</em></span> <span class='ocrx_word' id='word_1_84' title='bbox 1174 975 1325 1017; x_wconf 88' lang='grc' dir='ltr'><em>τινας</em></span> <span class='ocrx_word' id='word_1_85' title='bbox 1349 965 1578 1022; x_wconf 74' lang='grc' dir='ltr'><em>γνῶναι,</em></span> <span class='ocrx_word' id='word_1_86' title='bbox 1612 952 1804 1024; x_wconf 78' lang='grc' dir='ltr'><em>συνῄει</em></span> 
     </span>
     <span class='ocr_line' id='line_1_12' title="bbox 116 1042 1806 1113; baseline -0.001 -17"><span class='ocrx_word' id='word_1_87' title='bbox 116 1063 170 1096; x_wconf 89' lang='grc' dir='ltr'><em>τε</em></span> <span class='ocrx_word' id='word_1_88' title='bbox 210 1044 377 1096; x_wconf 92' lang='grc' dir='ltr'><em>πάλιν</em></span> <span class='ocrx_word' id='word_1_89' title='bbox 424 1051 516 1110; x_wconf 91' lang='grc' dir='ltr'><em>τῆς</em></span> <span class='ocrx_word' id='word_1_90' title='bbox 562 1051 660 1111; x_wconf 91' lang='grc' dir='ltr'><em>γῆς</em></span> <span class='ocrx_word' id='word_1_91' title='bbox 706 1046 766 1096; x_wconf 92' lang='grc' dir='ltr'><em>τὸ</em></span> <span class='ocrx_word' id='word_1_92' title='bbox 807 1042 931 1113; x_wconf 87' lang='grc' dir='ltr'><em>περὶ</em></span> <span class='ocrx_word' id='word_1_93' title='bbox 982 1042 1212 1105; x_wconf 84' lang='grc' dir='ltr'><em>ἐκείνοις</em></span> <span class='ocrx_word' id='word_1_94' title='bbox 1252 1046 1480 1112; x_wconf 86' lang='grc' dir='ltr'><em>κεχηνὸς</em></span> <span class='ocrx_word' id='word_1_95' title='bbox 1517 1042 1607 1095; x_wconf 84' lang='grc' dir='ltr'><em>καὶ</em></span> <span class='ocrx_word' id='word_1_96' title='bbox 1647 1047 1806 1095; x_wconf 89' lang='grc' dir='ltr'><em>καθί-</em></span> 
     </span>
     <span class='ocr_line' id='line_1_13' title="bbox 117 1129 1805 1201; baseline -0.001 -16"><span class='ocrx_word' id='word_1_97' title='bbox 117 1147 297 1200; x_wconf 80' lang='grc' dir='ltr'><em>στατο,</em></span> <span class='ocrx_word' id='word_1_98' title='bbox 338 1132 409 1194; x_wconf 83' lang='grc' dir='ltr'><em>ὡς</em></span> <span class='ocrx_word' id='word_1_99' title='bbox 433 1129 559 1200; x_wconf 79' lang='grc' dir='ltr'><em>μηδ’</em></span> <span class='ocrx_word' id='word_1_100' title='bbox 592 1134 642 1184; x_wconf 88' lang='grc' dir='ltr'><em>εί</em></span> <span class='ocrx_word' id='word_1_101' title='bbox 671 1133 843 1185; x_wconf 82' lang='grc' dir='ltr'><em>πάθοι</em></span> <span class='ocrx_word' id='word_1_102' title='bbox 870 1152 919 1184; x_wconf 91' lang='grc' dir='ltr'><em>τι</em></span> <span class='ocrx_word' id='word_1_103' title='bbox 960 1142 1070 1184; x_wconf 84' lang='grc' dir='ltr'><em>τῶν</em></span> <span class='ocrx_word' id='word_1_104' title='bbox 1109 1130 1526 1201; x_wconf 85' lang='grc' dir='ltr'><em>προειρημένων</em></span> <span class='ocrx_word' id='word_1_105' title='bbox 1559 1134 1805 1200; x_wconf 81' lang='grc' dir='ltr'><em>φανερὸν</em></span> 
     </span>
     <span class='ocr_line' id='line_1_14' title="bbox 116 1218 1805 1291; baseline -0.001 -18"><span class='ocrx_word' id='word_1_106' title='bbox 116 1218 258 1273; x_wconf 80' lang='grc' dir='ltr'><em>εἶναι</em></span> <span class='ocrx_word' id='word_1_107' title='bbox 305 1230 418 1282; x_wconf 83' lang='grc' dir='ltr'><em>τοῖς</em></span> <span class='ocrx_word' id='word_1_108' title='bbox 466 1221 649 1291; x_wconf 85' lang='grc' dir='ltr'><em>ὁρῶσι.</em></span> <span class='ocrx_word' id='word_1_109' title='bbox 726 1220 815 1273; x_wconf 84' lang='grc' dir='ltr'><em>καὶ</em></span> <span class='ocrx_word' id='word_1_110' title='bbox 857 1224 914 1273; x_wconf 82' lang='grc' dir='ltr'><em>οἳ</em></span> <span class='ocrx_word' id='word_1_111' title='bbox 955 1218 1055 1289; x_wconf 71' lang='grc' dir='ltr'><em>μὲν</em></span> <span class='ocrx_word' id='word_1_112' title='bbox 1105 1220 1278 1282; x_wconf 80' lang='grc' dir='ltr'><em>οὕτως</em></span> <span class='ocrx_word' id='word_1_113' title='bbox 1318 1220 1638 1285; x_wconf 78' lang='grc' dir='ltr'><em>ἀπώλοντο,</em></span> <span class='ocrx_word' id='word_1_114' title='bbox 1694 1219 1805 1272; x_wconf 86' lang='grc' dir='ltr'><em>ἐπί-</em></span> 
     </span>
     <span class='ocr_line' id='line_1_15' title="bbox 118 1309 1805 1379; baseline 0 -18"><span class='ocrx_word' id='word_1_115' title='bbox 118 1309 283 1372; x_wconf 81' lang='grc' dir='ltr'><em>δειξις</em></span> <span class='ocrx_word' id='word_1_116' title='bbox 321 1317 414 1377; x_wconf 90' lang='grc' dir='ltr'><em>τῆς</em></span> <span class='ocrx_word' id='word_1_117' title='bbox 455 1311 641 1379; x_wconf 85' lang='grc' dir='ltr'><em>ἰσχύος</em></span> <span class='ocrx_word' id='word_1_118' title='bbox 680 1319 778 1363; x_wconf 89' lang='grc' dir='ltr'><em>τοῦ</em></span> <span class='ocrx_word' id='word_1_119' title='bbox 818 1316 957 1362; x_wconf 84' lang='grc' dir='ltr'><em>θεοῦ</em></span> <span class='ocrx_word' id='word_1_120' title='bbox 997 1312 1308 1377; x_wconf 89' lang='grc' dir='ltr'><em>γενόμενοι·</em></span> <span class='ocrx_word' id='word_1_121' title='bbox 1361 1311 1502 1376; x_wconf 78' lang='lat'>&lt;53&gt;</span> <span class='ocrx_word' id='word_1_122' title='bbox 1545 1309 1805 1377; x_wconf 77' lang='grc' dir='ltr'><em>ὀδύραιτο</em></span> 
     </span>
     <span class='ocr_line' id='line_1_16' title="bbox 51 1395 1799 1466; baseline -0.001 -16"><span class='ocrx_word' id='word_1_123' title='bbox 51 1413 91 1445; x_wconf 85' lang='lat'><em>15</em></span> <span class='ocrx_word' id='word_1_124' title='bbox 120 1395 167 1450; x_wconf 84' lang='grc' dir='ltr'><em>δ’</em></span> <span class='ocrx_word' id='word_1_125' title='bbox 215 1399 283 1450; x_wconf 79' lang='grc' dir='ltr'><em>ἄν</em></span> <span class='ocrx_word' id='word_1_126' title='bbox 323 1417 402 1459; x_wconf 93' lang='grc' dir='ltr'><em>τις</em></span> <span class='ocrx_word' id='word_1_127' title='bbox 443 1398 508 1451; x_wconf 86' lang='grc' dir='ltr'><em>οὐ</em></span> <span class='ocrx_word' id='word_1_128' title='bbox 557 1401 731 1466; x_wconf 90' lang='grc' dir='ltr'><em>μόνον</em></span> <span class='ocrx_word' id='word_1_129' title='bbox 780 1406 873 1466; x_wconf 90' lang='grc' dir='ltr'><em>τῆς</em></span> <span class='ocrx_word' id='word_1_130' title='bbox 920 1406 1206 1466; x_wconf 82' lang='grc' dir='ltr'><em>συμφορᾶς</em></span> <span class='ocrx_word' id='word_1_131' title='bbox 1255 1398 1454 1459; x_wconf 85' lang='grc' dir='ltr'><em>αὐτούς</em></span> <span class='ocrx_word' id='word_1_132' title='bbox 1473 1438 1489 1464; x_wconf 9' lang='grc' dir='ltr'><em>η,</em></span> <span class='ocrx_word' id='word_1_133' title='bbox 1542 1397 1631 1449; x_wconf 83' lang='grc' dir='ltr'><em>καὶ</em></span> <span class='ocrx_word' id='word_1_134' title='bbox 1671 1395 1799 1450; x_wconf 80' lang='grc' dir='ltr'><em>καθ’</em></span> 
     </span>
     <span class='ocr_line' id='line_1_17' title="bbox 118 1484 1807 1554; baseline 0 -16"><span class='ocrx_word' id='word_1_135' title='bbox 118 1487 290 1554; x_wconf 83' lang='grc' dir='ltr'><em>αὑτὴν</em></span> <span class='ocrx_word' id='word_1_136' title='bbox 324 1486 491 1554; x_wconf 80' lang='grc' dir='ltr'><em>οὔσης</em></span> <span class='ocrx_word' id='word_1_137' title='bbox 523 1485 674 1549; x_wconf 79' lang='grc' dir='ltr'><em>ἀξίας</em></span> <span class='ocrx_word' id='word_1_138' title='bbox 707 1491 912 1552; x_wconf 77' lang='grc' dir='ltr'><em>οἴκτου,</em></span> <span class='ocrx_word' id='word_1_139' title='bbox 953 1484 1069 1538; x_wconf 79' lang='grc' dir='ltr'><em>ἀλλ’</em></span> <span class='ocrx_word' id='word_1_140' title='bbox 1103 1486 1184 1537; x_wconf 83' lang='grc' dir='ltr'><em>ὅτι</em></span> <span class='ocrx_word' id='word_1_141' title='bbox 1217 1484 1304 1537; x_wconf 84' lang='grc' dir='ltr'><em>καὶ</em></span> <span class='ocrx_word' id='word_1_142' title='bbox 1338 1494 1563 1539; x_wconf 88' lang='grc' dir='ltr'><em>τοιαῦτα</em></span> <span class='ocrx_word' id='word_1_143' title='bbox 1595 1489 1807 1538; x_wconf 89' lang='grc' dir='ltr'><em>παθόν-</em></span> 
     </span>
     <span class='ocr_line' id='line_1_18' title="bbox 117 1574 1807 1643; baseline 0.001 -17"><span class='ocrx_word' id='word_1_144' title='bbox 117 1594 228 1627; x_wconf 90' lang='grc' dir='ltr'><em>των</em></span> <span class='ocrx_word' id='word_1_145' title='bbox 263 1574 588 1643; x_wconf 80' lang='grc' dir='ltr'><em>ἐφήσθησαν</em></span> <span class='ocrx_word' id='word_1_146' title='bbox 623 1575 680 1627; x_wconf 77' lang='grc' dir='ltr'><em>οί</em></span> <span class='ocrx_word' id='word_1_147' title='bbox 708 1583 1005 1641; x_wconf 83' lang='grc' dir='ltr'><em>συγγενεῖς.</em></span> <span class='ocrx_word' id='word_1_148' title='bbox 1069 1584 1177 1626; x_wconf 85' lang='grc' dir='ltr'><em>τῶν</em></span> <span class='ocrx_word' id='word_1_149' title='bbox 1211 1575 1313 1643; x_wconf 77' lang='grc' dir='ltr'><em>γὰρ</em></span> <span class='ocrx_word' id='word_1_150' title='bbox 1356 1574 1807 1643; x_wconf 89' lang='grc' dir='ltr'><em>συντεταγμένων</em></span> 
     </span>
     <span class='ocr_line' id='line_1_19' title="bbox 120 1663 1808 1732; baseline 0.001 -17"><span class='ocrx_word' id='word_1_151' title='bbox 120 1663 483 1730; x_wconf 81' lang='grc' dir='ltr'><em>ἐκλαθόμενοι</em></span> <span class='ocrx_word' id='word_1_152' title='bbox 507 1664 641 1732; x_wconf 89' lang='grc' dir='ltr'><em>πρὸς</em></span> <span class='ocrx_word' id='word_1_153' title='bbox 666 1664 766 1731; x_wconf 87' lang='grc' dir='ltr'><em>τὴν</em></span> <span class='ocrx_word' id='word_1_154' title='bbox 791 1664 922 1725; x_wconf 80' lang='grc' dir='ltr'><em>ὄψιν</em></span> <span class='ocrx_word' id='word_1_155' title='bbox 946 1671 1045 1715; x_wconf 89' lang='grc' dir='ltr'><em>τοῦ</em></span> <span class='ocrx_word' id='word_1_156' title='bbox 1079 1665 1484 1731; x_wconf 83' lang='grc' dir='ltr'><em>συμβεβηκότος</em></span> <span class='ocrx_word' id='word_1_157' title='bbox 1518 1663 1808 1732; x_wconf 82' lang='grc' dir='ltr'><em>ἐβεβαίουν</em></span> 
     </span>
     <span class='ocr_line' id='line_1_20' title="bbox 119 1749 1807 1821; baseline 0 -17"><span class='ocrx_word' id='word_1_158' title='bbox 119 1753 219 1819; x_wconf 87' lang='grc' dir='ltr'><em>τὴν</em></span> <span class='ocrx_word' id='word_1_159' title='bbox 258 1754 468 1821; x_wconf 78' lang='grc' dir='ltr'><em>κρίσιν,</em></span> <span class='ocrx_word' id='word_1_160' title='bbox 517 1749 606 1803; x_wconf 83' lang='grc' dir='ltr'><em>καὶ</em></span> <span class='ocrx_word' id='word_1_161' title='bbox 647 1753 959 1819; x_wconf 80' lang='grc' dir='ltr'><em>νομίζοντες</em></span> <span class='ocrx_word' id='word_1_162' title='bbox 999 1751 1070 1812; x_wconf 81' lang='grc' dir='ltr'><em>ὡς</em></span> <span class='ocrx_word' id='word_1_163' title='bbox 1110 1750 1424 1819; x_wconf 79' lang='grc' dir='ltr'><em>ἀλιτηρίους</em></span> <span class='ocrx_word' id='word_1_164' title='bbox 1464 1750 1807 1804; x_wconf 87' lang='grc' dir='ltr'><em>ἀπολωλέναι</em></span> 
     </span>
     <span class='ocr_line' id='line_1_21' title="bbox 54 1837 1292 1909; baseline -0.002 -16"><span class='ocrx_word' id='word_1_165' title='bbox 54 1855 96 1887; x_wconf 79' lang='lat'><em>20</em></span> <span class='ocrx_word' id='word_1_166' title='bbox 120 1843 247 1902; x_wconf 90' lang='grc' dir='ltr'><em>τοὺς</em></span> <span class='ocrx_word' id='word_1_167' title='bbox 284 1838 408 1909; x_wconf 86' lang='grc' dir='ltr'><em>περὶ</em></span> <span class='ocrx_word' id='word_1_168' title='bbox 447 1840 765 1908; x_wconf 87' lang='grc' dir='ltr'><em>Δαθάμνην</em></span> <span class='ocrx_word' id='word_1_169' title='bbox 806 1837 924 1892; x_wconf 83' lang='grc' dir='ltr'><em>οὐδ’</em></span> <span class='ocrx_word' id='word_1_170' title='bbox 974 1838 1292 1892; x_wconf 83' lang='grc' dir='ltr'><em>ἐλυποῦντο.</em></span> 
     </span>
     <span class='ocr_line' id='line_1_22' title="bbox 231 1925 1867 1996; baseline -0.002 -14"><span class='ocrx_word' id='word_1_171' title='bbox 231 1929 373 1996; x_wconf 76' lang='grc'>&lt;54&gt;</span> <span class='ocrx_word' id='word_1_172' title='bbox 413 1930 661 1995; x_wconf 80' lang='grc' dir='ltr'><em>Μωυσῆς</em></span> <span class='ocrx_word' id='word_1_173' title='bbox 709 1925 768 1979; x_wconf 74' lang='grc' dir='ltr'><em>δὲ</em></span> <span class='ocrx_word' id='word_1_174' title='bbox 824 1931 981 1980; x_wconf 80' lang='grc' dir='ltr'><em>καλεῖ</em></span> <span class='ocrx_word' id='word_1_175' title='bbox 1024 1930 1151 1989; x_wconf 84' lang='grc' dir='ltr'><em>τοὺς</em></span> <span class='ocrx_word' id='word_1_176' title='bbox 1197 1925 1320 1995; x_wconf 84' lang='grc' dir='ltr'><em>περὶ</em></span> <span class='ocrx_word' id='word_1_177' title='bbox 1366 1934 1459 1994; x_wconf 91' lang='grc' dir='ltr'><em>τῆς</em></span> <span class='ocrx_word' id='word_1_178' title='bbox 1508 1928 1808 1996; x_wconf 70' lang='grc' dir='ltr'><em>ἱερωσύνης</em></span> <span class='ocrx_word' id='word_1_179' title='bbox 1840 1940 1867 1978; x_wconf 92' lang='grc'>4</span> 
     </span>
     <span class='ocr_line' id='line_1_23' title="bbox 122 2013 1807 2086; baseline 0 -17"><span class='ocrx_word' id='word_1_180' title='bbox 122 2015 534 2086; x_wconf 82' lang='grc' dir='ltr'><em>ἁμιλλωμένους</em></span> <span class='ocrx_word' id='word_1_181' title='bbox 572 2017 663 2068; x_wconf 77' lang='grc' dir='ltr'><em>διὰ</em></span> <span class='ocrx_word' id='word_1_182' title='bbox 702 2018 801 2085; x_wconf 90' lang='grc' dir='ltr'><em>τὴν</em></span> <span class='ocrx_word' id='word_1_183' title='bbox 842 2026 951 2068; x_wconf 85' lang='grc' dir='ltr'><em>τῶν</em></span> <span class='ocrx_word' id='word_1_184' title='bbox 993 2014 1185 2084; x_wconf 75' lang='grc' dir='ltr'><em>ἱερέων</em></span> <span class='ocrx_word' id='word_1_185' title='bbox 1227 2017 1580 2083; x_wconf 76' lang='grc' dir='ltr'><em>δοκιμασίαν,</em></span> <span class='ocrx_word' id='word_1_186' title='bbox 1620 2013 1692 2068; x_wconf 77' lang='grc' dir='ltr'><em>ἵν’</em></span> <span class='ocrx_word' id='word_1_187' title='bbox 1740 2013 1807 2069; x_wconf 81' lang='grc' dir='ltr'><em>οὗ</em></span> 
     </span>
     <span class='ocr_line' id='line_1_24' title="bbox 120 2099 1808 2175; baseline -0.001 -17"><span class='ocrx_word' id='word_1_188' title='bbox 120 2104 474 2175; x_wconf 77' lang='grc' dir='ltr'><em>προσδέξεται</em></span> <span class='ocrx_word' id='word_1_189' title='bbox 506 2106 606 2173; x_wconf 86' lang='grc' dir='ltr'><em>τὴν</em></span> <span class='ocrx_word' id='word_1_190' title='bbox 638 2108 845 2157; x_wconf 89' lang='grc' dir='ltr'><em>θυσίαν</em></span> <span class='ocrx_word' id='word_1_191' title='bbox 879 2105 907 2158; x_wconf 85' lang='grc' dir='ltr'>ὁ</span> <span class='ocrx_word' id='word_1_192' title='bbox 940 2106 1072 2166; x_wconf 87' lang='grc' dir='ltr'><em>θεὸς</em></span> <span class='ocrx_word' id='word_1_193' title='bbox 1101 2105 1283 2171; x_wconf 74' lang='grc' dir='ltr'><em>ἥδιον,</em></span> <span class='ocrx_word' id='word_1_194' title='bbox 1325 2102 1532 2165; x_wconf 76' lang='grc' dir='ltr'><em>ἐκεῖνος</em></span> <span class='ocrx_word' id='word_1_195' title='bbox 1570 2099 1603 2174; x_wconf 81' lang='grc' dir='ltr'><strong><em>ᾖ</em></strong></span> <span class='ocrx_word' id='word_1_196' title='bbox 1637 2124 1808 2174; x_wconf 85' lang='grc' dir='ltr'><em>κεχει-</em></span> 
     </span>
     <span class='ocr_line' id='line_1_25' title="bbox 123 2190 1807 2264; baseline -0.001 -17"><span class='ocrx_word' id='word_1_197' title='bbox 123 2193 501 2264; x_wconf 91' lang='grc' dir='ltr'><em>ροτονημένος.</em></span> <span class='ocrx_word' id='word_1_198' title='bbox 580 2196 969 2246; x_wconf 87' lang='grc' dir='ltr'><em>συνελθόντων</em></span> <span class='ocrx_word' id='word_1_199' title='bbox 1018 2190 1078 2245; x_wconf 70' lang='grc' dir='ltr'><em>δὲ</em></span> <span class='ocrx_word' id='word_1_200' title='bbox 1117 2195 1453 2261; x_wconf 87' lang='grc' dir='ltr'><em>πεντήκοντα</em></span> <span class='ocrx_word' id='word_1_201' title='bbox 1492 2191 1583 2244; x_wconf 81' lang='grc' dir='ltr'><em>καὶ</em></span> <span class='ocrx_word' id='word_1_202' title='bbox 1623 2195 1807 2246; x_wconf 90' lang='grc' dir='ltr'><em>διακο-</em></span> 
     </span>
     <span class='ocr_line' id='line_1_26' title="bbox 57 2280 1805 2352; baseline 0 -17"><span class='ocrx_word' id='word_1_203' title='bbox 57 2297 98 2329; x_wconf 80' lang='lat'><em>25</em></span> <span class='ocrx_word' id='word_1_204' title='bbox 124 2286 259 2335; x_wconf 92' lang='grc' dir='ltr'><em>σίων</em></span> <span class='ocrx_word' id='word_1_205' title='bbox 315 2282 569 2352; x_wconf 77' lang='grc' dir='ltr'><em>ἀνδρῶν,</em></span> <span class='ocrx_word' id='word_1_206' title='bbox 625 2285 681 2334; x_wconf 82' lang='grc' dir='ltr'><em>οἳ</em></span> <span class='ocrx_word' id='word_1_207' title='bbox 723 2280 812 2334; x_wconf 87' lang='grc' dir='ltr'><em>καὶ</em></span> <span class='ocrx_word' id='word_1_208' title='bbox 870 2283 961 2333; x_wconf 74' lang='grc' dir='ltr'><em>διὰ</em></span> <span class='ocrx_word' id='word_1_209' title='bbox 1007 2280 1256 2351; x_wconf 88' lang='grc' dir='ltr'><em>πατέρων</em></span> <span class='ocrx_word' id='word_1_210' title='bbox 1305 2280 1503 2348; x_wconf 86' lang='grc' dir='ltr'><em>ἀρετὴν</em></span> <span class='ocrx_word' id='word_1_211' title='bbox 1546 2280 1805 2349; x_wconf 83' lang='grc' dir='ltr'><em>ἐτιμῶντο</em></span> 
     </span>
     <span class='ocr_line' id='line_1_27' title="bbox 123 2365 1808 2442; baseline -0.001 -18"><span class='ocrx_word' id='word_1_212' title='bbox 123 2372 268 2441; x_wconf 76' lang='grc' dir='ltr'><em>παρὰ</em></span> <span class='ocrx_word' id='word_1_213' title='bbox 308 2378 381 2442; x_wconf 79' lang='grc' dir='ltr'><em>τῷ</em></span> <span class='ocrx_word' id='word_1_214' title='bbox 432 2375 543 2442; x_wconf 77' lang='grc' dir='ltr'><em>λαῷ</em></span> <span class='ocrx_word' id='word_1_215' title='bbox 593 2369 683 2422; x_wconf 84' lang='grc' dir='ltr'><em>καὶ</em></span> <span class='ocrx_word' id='word_1_216' title='bbox 732 2371 822 2422; x_wconf 80' lang='grc' dir='ltr'><em>διὰ</em></span> <span class='ocrx_word' id='word_1_217' title='bbox 869 2372 970 2439; x_wconf 85' lang='grc' dir='ltr'><em>τὴν</em></span> <span class='ocrx_word' id='word_1_218' title='bbox 1021 2370 1202 2422; x_wconf 80' lang='grc' dir='ltr'><em>αὑτῶν</em></span> <span class='ocrx_word' id='word_1_219' title='bbox 1244 2365 1276 2440; x_wconf 78' lang='grc' dir='ltr'><em>ᾗ</em></span> <span class='ocrx_word' id='word_1_220' title='bbox 1318 2370 1604 2431; x_wconf 87' lang='grc' dir='ltr'><em>κάκείνους</em></span> <span class='ocrx_word' id='word_1_221' title='bbox 1642 2370 1808 2440; x_wconf 85' lang='grc' dir='ltr'><em>ὑπερ-</em></span> 
     </span>
     <span class='ocr_line' id='line_1_28' title="bbox 124 2456 1806 2530; baseline -0.001 -18"><span class='ocrx_word' id='word_1_222' title='bbox 124 2460 448 2529; x_wconf 77' lang='grc' dir='ltr'><em>εβάλλοντο,</em></span> <span class='ocrx_word' id='word_1_223' title='bbox 487 2462 775 2530; x_wconf 72' lang='grc' dir='ltr'><em>προῆλθον</em></span> <span class='ocrx_word' id='word_1_224' title='bbox 815 2457 904 2510; x_wconf 85' lang='grc' dir='ltr'><em>καὶ</em></span> <span class='ocrx_word' id='word_1_225' title='bbox 939 2456 1150 2526; x_wconf 82' lang='grc' dir='ltr'><em>Ἀαρὼν</em></span> <span class='ocrx_word' id='word_1_226' title='bbox 1190 2457 1279 2510; x_wconf 85' lang='grc' dir='ltr'><em>καὶ</em></span> <span class='ocrx_word' id='word_1_227' title='bbox 1320 2461 1532 2526; x_wconf 81' lang='grc' dir='ltr'><em>Κορῆς,</em></span> <span class='ocrx_word' id='word_1_228' title='bbox 1571 2456 1661 2510; x_wconf 82' lang='grc' dir='ltr'><em>καὶ</em></span> <span class='ocrx_word' id='word_1_229' title='bbox 1700 2461 1806 2529; x_wconf 91' lang='grc' dir='ltr'><em>πρὸ</em></span> 
     </span>
     <span class='ocr_line' id='line_1_29' title="bbox 124 2545 1808 2616; baseline -0.001 -16"><span class='ocrx_word' id='word_1_230' title='bbox 124 2555 216 2615; x_wconf 90' lang='grc' dir='ltr'><em>τῆς</em></span> <span class='ocrx_word' id='word_1_231' title='bbox 271 2554 472 2615; x_wconf 80' lang='grc' dir='ltr'><em>σκηνῆς</em></span> <span class='ocrx_word' id='word_1_232' title='bbox 524 2546 720 2608; x_wconf 89' lang='grc' dir='ltr'><em>πάντες</em></span> <span class='ocrx_word' id='word_1_233' title='bbox 774 2549 1074 2614; x_wconf 80' lang='grc' dir='ltr'><em>καθήγιζον</em></span> <span class='ocrx_word' id='word_1_234' title='bbox 1124 2545 1211 2598; x_wconf 83' lang='grc' dir='ltr'><em>ἐπὶ</em></span> <span class='ocrx_word' id='word_1_235' title='bbox 1258 2555 1371 2607; x_wconf 82' lang='grc' dir='ltr'><em>τοϊς</em></span> <span class='ocrx_word' id='word_1_236' title='bbox 1420 2550 1808 2616; x_wconf 89' lang='grc' dir='ltr'><em>θυμιατηρίοις</em></span> 
     </span>
     <span class='ocr_line' id='line_1_30' title="bbox 126 2631 1808 2704; baseline -0.001 -15"><span class='ocrx_word' id='word_1_237' title='bbox 126 2636 300 2689; x_wconf 88' lang='grc' dir='ltr'><em>ὁπόσα</em></span> <span class='ocrx_word' id='word_1_238' title='bbox 339 2637 651 2703; x_wconf 80' lang='grc' dir='ltr'><em>κομίζοντες</em></span> <span class='ocrx_word' id='word_1_239' title='bbox 690 2637 897 2704; x_wconf 83' lang='grc' dir='ltr'><em>ἔτυχον.</em></span> <span class='ocrx_word' id='word_1_240' title='bbox 977 2636 1119 2702; x_wconf 71' lang='lat'>&lt;55&gt;</span> <span class='ocrx_word' id='word_1_241' title='bbox 1162 2633 1422 2702; x_wconf 80' lang='grc' dir='ltr'><em>ἐξέλαμψε</em></span> <span class='ocrx_word' id='word_1_242' title='bbox 1473 2631 1533 2686; x_wconf 74' lang='grc' dir='ltr'><em>δὲ</em></span> <span class='ocrx_word' id='word_1_243' title='bbox 1571 2643 1680 2704; x_wconf 88' lang='grc' dir='ltr'><em>πῦρ</em></span> <span class='ocrx_word' id='word_1_244' title='bbox 1720 2656 1808 2688; x_wconf 92' lang='grc' dir='ltr'><em>το-</em></span> 
     </span>
     <span class='ocr_line' id='line_1_31' title="bbox 60 2721 1810 2793; baseline 0 -17"><span class='ocrx_word' id='word_1_245' title='bbox 60 2739 103 2771; x_wconf 84' lang='grc'><em>30</em></span> <span class='ocrx_word' id='word_1_246' title='bbox 130 2733 329 2778; x_wconf 89' lang='grc' dir='ltr'><em>σοῦτον</em></span> <span class='ocrx_word' id='word_1_247' title='bbox 357 2724 489 2776; x_wconf 82' lang='grc' dir='ltr'><em>ὅσον</em></span> <span class='ocrx_word' id='word_1_248' title='bbox 523 2724 648 2776; x_wconf 80' lang='grc' dir='ltr'><em>οὔτε</em></span> <span class='ocrx_word' id='word_1_249' title='bbox 673 2726 1053 2793; x_wconf 86' lang='grc' dir='ltr'><em>χειροποίητον</em></span> <span class='ocrx_word' id='word_1_250' title='bbox 1090 2721 1346 2792; x_wconf 74' lang='grc' dir='ltr'><em>ἱστόρησέ</em></span> <span class='ocrx_word' id='word_1_251' title='bbox 1373 2743 1453 2784; x_wconf 93' lang='grc' dir='ltr'><em>τις</em></span> <span class='ocrx_word' id='word_1_252' title='bbox 1486 2723 1609 2775; x_wconf 77' lang='grc' dir='ltr'><em>οὔτε</em></span> <span class='ocrx_word' id='word_1_253' title='bbox 1634 2729 1810 2791; x_wconf 89' lang='grc' dir='ltr'><em>γῆθεν</em></span> 
     </span>
    </p>
   </div>
   <div class='ocr_carea' id='block_1_3' title="bbox 246 2824 1542 2940">
    <p class='ocr_par' dir='ltr' id='par_1_3' title="bbox 246 2824 1542 2940">
     <span class='ocr_line' id='line_1_32' title="bbox 246 2824 838 2879; baseline 0 -11"><span class='ocrx_word' id='word_1_254' title='bbox 246 2830 269 2879; x_wconf 64' lang='grc' dir='ltr'>ξ</span> <span class='ocrx_word' id='word_1_255' title='bbox 303 2830 355 2868; x_wconf 86' lang='grc'><em>51</em></span> <span class='ocrx_word' id='word_1_256' title='bbox 384 2847 439 2861; x_wconf 90' lang='lat'><strong><em>=</em></strong></span> <span class='ocrx_word' id='word_1_257' title='bbox 462 2824 598 2868; x_wconf 87' lang='lat' dir='ltr'>Num.</span> <span class='ocrx_word' id='word_1_258' title='bbox 631 2824 737 2867; x_wconf 85' lang='lat' dir='ltr'><em>XVI</em></span> <span class='ocrx_word' id='word_1_259' title='bbox 770 2830 838 2868; x_wconf 88' lang='lat'><em>31.</em></span> 
     </span>
     <span class='ocr_line' id='line_1_33' title="bbox 1459 2898 1542 2940; baseline -0.012 0"><span class='ocrx_word' id='word_1_260' title='bbox 1459 2898 1542 2940; x_wconf 60' lang='lat'><em>14*</em></span> 
     </span>
    </p>
   </div>
  </div>
 </body>
</html>
