2052 3141
168 57 271 108 120
789 58 1242 100 ΑΡΧΑΙΟΑΟΓΙΑΣ

162 198 395 243 ποιεῖται
451 191 543 241 διὰ
595 198 689 257 τῆς
743 189 948 259 ἐρήμου
1004 193 1099 244 τὸν
1147 193 1396 260 δρασμὸν
1448 190 1539 244 καὶ
1588 191 1724 244 ὅθεν
1778 189 1848 260 ἦν

162 277 433 330 ὑπόνοιαν
472 279 544 345 μὴ
586 281 775 346 λαβεῖν
808 280 935 340 τοὺς
976 278 1231 347 ἐχθρούς,
1272 281 1475 349 ἄπορός
1513 276 1561 331 τ’
1609 279 1687 331 ὢν
1726 299 1846 348 τρο-

163 373 269 434 φῆς
309 365 674 433 ἀπηλλάττετο
707 373 769 434 τῇ
804 370 1059 437 καρτερίᾳ
1098 377 1474 437 καταφρονῶν.
1551 368 1733 435 <257>
1772 374 1848 430 εἴς

162 474 217 506 τε
256 457 419 506 πόλιν
458 454 760 521 ΑΜαδιηνὴν
808 453 1141 522 ἀφικόμενος
1186 457 1321 523 πρὸς
1367 462 1429 524 τῇ
1470 453 1570 523 μὲν
1604 453 1849 525 Ἐρυθρᾷ

161 542 405 611 θαλάττῃ
460 539 751 609 κειμένην,
807 540 1098 610 ἐπώνυμον
1155 540 1205 594 δ’
1269 541 1390 604 ἑνὸς
1439 552 1548 595 τῶν
1593 541 1892 614 Ἀβράμωό

164 628 476 698 γενομένων
539 629 597 682 ἐκ
646 631 922 699 Χετούρας
982 631 1153 699 υἱῶν,
1208 630 1507 693 καθεσθεὶς
1562 630 1653 683 ἐπί
1702 651 1850 693 τινος

161 716 394 786 φρέατος
450 717 508 770 ἐκ
562 725 660 770 τοῦ
715 720 889 771 κόπου
945 718 1034 770 καὶ
1089 727 1182 786 τῆς
1229 722 1594 787 ταλαιπωρίας
1644 717 1851 787 ἠρέμει,

162 808 499 874 μεσημβρίας
554 806 750 873 οὔσης,
807 806 873 858 οὐ
925 809 1113 875 πόρρω
1171 815 1262 874 τῆς
1316 809 1536 869 πόλεως.
1616 803 1844 859 ἐνταῦθ’

163 894 307 964 αὐτῷ
351 891 554 961 συνέβη
597 892 686 945 καὶ
741 894 934 962 πρᾶξις
975 895 1033 947 ἐκ
1074 896 1284 963 διαίτης
1324 904 1432 947 τῶν
1472 895 1700 962 αὐτόθι,
1755 909 1850 946 συ-

164 984 405 1049 στήσασα
429 983 528 1049 τὴν
561 980 761 1050 ἀρετὴν
797 982 967 1035 αὐτοῦ
1007 981 1097 1035 καὶ
1136 985 1271 1051 πρὸς
1305 985 1362 1036 τὸ
1388 992 1636 1051 κρεῖττον
1674 982 1845 1051 ἀφορ-

164 1070 271 1137 μὴν
319 1077 688 1138 παρασχοῦσα.
767 1071 948 1138 <258>
987 1080 1096 1123 τῶν
1144 1073 1246 1139 γὰρ
1295 1074 1512 1139 χωρίων
1554 1072 1848 1139 δυσύδρων

165 1158 340 1209 ὄντων
379 1158 900 1226 προκατελάμβανον
943 1159 999 1211 οἱ
1033 1158 1289 1226 ποιμένες
1328 1160 1392 1210 τὰ
1432 1157 1664 1226 φρεάτα,
1706 1158 1851 1220 ὅπως

163 1245 235 1312 μὴ
269 1244 793 1314 προεξανηλωμένου
826 1255 923 1299 τοῦ
956 1246 1156 1308 ὕδατος
1195 1247 1302 1299 ὑπὸ
1345 1256 1452 1298 τῶν
1493 1247 1676 1298 ἄλλων
1717 1261 1850 1297 σπα-

163 1334 300 1395 νίζοι
352 1342 524 1385 ποτοῦ
575 1335 639 1385 τὰ
688 1332 990 1402 θρέμματα.
1069 1335 1249 1401 <259>
1296 1338 1695 1401 παραγίνονται
1748 1329 1850 1386 οὖν

164 1419 250 1472 ἐπὶ
283 1423 342 1473 τὸ
368 1419 542 1489 φρέαρ
570 1419 700 1474 ἑπτὰ
725 1422 997 1490 παρθένοι
1031 1422 1283 1491 ἀδελφαί,
1309 1421 1643 1490 Ῥαγουήλου
1675 1427 1849 1488 θυγα-

162 1508 311 1575 τέρες
368 1507 552 1576 ἱερέως
603 1509 692 1561 καὶ
740 1515 944 1578 πολλῆς
992 1509 1295 1578 ’ἠξιωμένου
1348 1519 1502 1578 τιμῆς
1547 1511 1692 1577 παρὰ
1739 1518 1852 1571 τοῖς

164 1596 490 1665 ἐπιχωρίοις,
531 1599 589 1648 αἳ
619 1607 729 1649 τῶν
762 1607 858 1651 τοῦ
898 1601 1101 1664 πατρὸς
1131 1602 1403 1666 ποιμνίων
1446 1598 1851 1665 ἐπιμελόμεναι,

165 1685 255 1736 διὰ
288 1686 347 1736 τὸ
382 1685 584 1751 ταύτην
618 1685 926 1753 ὑπουργίαν
959 1683 1100 1738 εἶναι
1135 1685 1222 1739 καὶ
1266 1685 1516 1753 γυναιξὶν
1559 1685 1851 1753 ἐπιχώριον

163 1773 307 1839 παρὰ
363 1782 475 1834 τοῖς
538 1776 984 1840 Τρωγλοδύταις,
1039 1776 1325 1843 φθάσασαι
1375 1777 1432 1827 τὸ
1482 1774 1744 1840 αὔταρκες
1793 1772 1850 1825 ἐκ

164 1869 261 1913 τοῦ
301 1858 534 1929 φρέατος
573 1860 887 1914 ἀνέσπασαν
923 1863 1072 1928 ὕδωρ
1116 1873 1226 1924 τοῖς
1265 1865 1540 1930 ποιμνίοις
1580 1863 1657 1923 είς
1698 1860 1850 1923 δεξα-

164 1949 347 2015 μενάς,
389 1951 448 1999 αἳ
475 1951 610 2015 πρὸς
643 1948 878 2018 ἐκδοχὴν
911 1959 1008 2003 τοῦ
1040 1951 1239 2012 ὕδατος
1280 1950 1620 2016 ἐγεγόνεσαν.
1670 1950 1850 2014 <260>

165 2035 500 2088 ἐπιστάντων
553 2033 612 2088 δὲ
660 2037 937 2105 ποιμένων
984 2037 1071 2089 καὶ
1122 2038 1544 2089 (ἐπελαυνόντων
1586 2038 1677 2098 τὰς
1716 2054 1849 2102 παρ-

162 2122 366 2186 θένους
406 2122 532 2177 ὥστ’
580 2124 736 2177 αὐτοὶ
783 2135 881 2178 τοῦ
933 2126 1129 2187 ὕδατος
1168 2134 1414 2191 κρατεῖν,
1454 2127 1700 2190 ΛΙωυσῆς
1741 2126 1848 2175 δει·

164 2214 264 2264 νὸν
297 2212 643 2279 ἡγησάμενος
676 2209 816 2264 εἶναι
848 2216 1115 2280 περιιδεῖν
1148 2211 1512 2280 ἀδικουμένας
1545 2214 1637 2273 τὰς
1669 2215 1849 2278 κόρας.

163 2298 253 2351 καὶ
280 2301 378 2367 τὴν
403 2304 531 2367 βίαν
564 2303 662 2368 τὴν
697 2310 804 2352 τῶν
837 2301 1055 2367 ἀνδρῶν
1086 2300 1237 2353 ἐᾶσαι.
1273 2305 1554 2366 κρείττονα
1590 2298 1847 2366 γενέσθαι

166 2397 262 2440 τοῦ
310 2397 419 2440 τῶν
467 2387 765 2456 παρθένων
814 2391 1056 2455 δικαίου,
1110 2392 1235 2451 τοὺς
1291 2386 1390 2456 μὲν
1445 2385 1584 2454 εἶρξε
1626 2392 1844 2439 πλεονε-

166 2484 315 2527 κτεῖν
350 2474 664 2545 ἐθέλοντας,
691 2486 804 2538 ταῖς
831 2478 888 2527 δὲ
914 2476 1147 2545 παρέσχε
1176 2479 1273 2543 τὴν
1300 2475 1536 2528 δέουσαν
1562 2478 1845 2543 βοήθειαν.

163 2565 344 2631 (⁶261)
378 2564 439 2615 αἱ
468 2561 515 2615 δ’
556 2564 993 2633 εὐεργετηθεῖσαι
1031 2573 1284 2631 παρῆσαν
1317 2566 1452 2631 πρὸς
1492 2566 1587 2615 τὸν
1626 2561 1848 2628 πατέρα,

165 2655 263 2719 τήν
319 2649 379 2702 θ’
435 2652 597 2719 ὕβριν
654 2661 761 2704 τῶν
816 2651 1093 2720 ποιμένων
1149 2652 1294 2722 αὐτῷ
1353 2652 1709 2718 διηγούμεναι
1759 2647 1847 2700 καὶ

166 2740 265 2805 τὴν
306 2738 624 2807 ἐπικουρίαν
665 2749 762 2792 τοῦ
802 2739 980 2802 ξένου,
1021 2741 1365 2807 παρεκάλουν
1407 2759 1460 2791 τε
1501 2739 1573 2806 μὴ
1614 2740 1846 2804 ματαίαν
1870 2750 1888 2779 3

286 2844 309 2890 ς’
343 2845 424 2881 257
455 2861 506 2874 =
535 2839 676 2882 Exod.
712 2840 750 2881 ῙΙ
790 2845 851 2881 15,

1873 995 1916 1026 10

1876 1435 1917 1466 15

1875 1874 1918 1905 20

1873 2313 1915 2343 25
