2052 3141
829 23 1095 62 HEMHTH
1699 19 1807 70 305

118 179 219 211 κον
257 166 351 226 τῆς
381 157 797 227 Νεφθαλίτιδος
830 157 962 208 ὄντα
1002 159 1193 223 φυλῆς.
1271 154 1523 223 Βάρακος
1563 151 1610 205 δ’
1661 152 1809 206 ἐστὶν

120 246 364 315 ἀστραπὴ
418 246 555 298 κατὰ
607 246 707 313 τὴν
751 243 1023 313 Ἑβραίων
1077 247 1339 310 γλῶτταν.
1419 242 1599 309 <202>
1650 261 1808 310 μετα-

119 331 440 402 πεμψαμένη
476 331 525 385 δ’
563 333 856 402 ἡΔεβώρα
895 334 992 384 τὸν
1024 332 1301 403 Βάρακον,
1343 329 1661 393 ἐπιλέξαντα
1700 339 1810 382 τῶν

118 421 260 476 νέων
315 424 549 491 μυρίους
604 419 851 474 ἐκέλευσε
906 430 1104 489 χωρεῖν
1169 418 1255 472 ἐπὶ
1309 422 1436 481 τοὺς
1489 421 1809 487 πολεμίους·

79 540 99 573 5
122 511 426 581 ἀποχρῆναι
466 511 569 580 γὰρ
610 511 930 577 τοσούτους,
978 517 1075 561 τοῦ
1114 514 1254 561 θεοῦ
1293 510 1681 577 προειρηκότος
1720 506 1810 559 καὶ

119 603 280 668 νίκην
322 599 772 667 ἐπισημήναντος.
852 598 1030 665 <203>
1064 598 1323 667 Βαράκου
1365 594 1413 648 δ’
1455 596 1520 649 οὐ
1561 594 1810 665 φαμένου

121 690 516 757 στρατηγήσειν
556 689 627 756 μὴ
661 686 913 755 κάκείνης
952 686 1098 757 αὐτῷ
1141 686 1639 755 συστρατηγούσης,
1680 683 1810 751 ἀγα-

119 778 433 844 νακτήσασα
474 775 573 828 ςσὺ
607 775 732 844 μέν’
774 772 888 828 εἷπε
923 773 1171 842 εγυναικὶ
1203 782 1544 844 παραχωρεῖς
1575 772 1810 840 ἀξιώμα-

120 885 211 927 τος
249 864 278 917 ὃ
321 866 408 917 σοὶ
460 863 701 917 δέδωκεν
750 865 777 917 ὁ
828 866 992 930 θεός,
1050 863 1154 930 ἐγὼ
1197 861 1244 914 δ’
1294 862 1359 914 οὐ
1398 860 1808 931 παραιτοῦμαι.’

57 979 95 1010 10
120 951 210 1005 καὶ
259 955 730 1021 συναθροίσαντες
784 955 1014 1020 μυρίους
1063 951 1629 1019 ἐστρατοπεδεύσαντο
1676 951 1813 1019 πρὸς

114 1039 397 1113 Ἰταβυρίῳ
437 1048 510 1112 τῷ
554 1042 684 1109 ὄρει.
763 1040 942 1107 <204>
985 1039 1197 1106 ἀπήντα
1247 1037 1296 1090 δ’
1346 1039 1530 1100 αὐτοῖς
1571 1038 1598 1090 ὁ
1641 1038 1811 1089 Σισά-

122 1150 219 1199 ρης
258 1138 355 1183 τοῦ
407 1127 673 1197 βασιλέως
712 1129 1096 1195 κελεύσαντος,
1151 1125 1240 1179 καὶ
1282 1127 1811 1195 στρατοπεδεύονται

121 1228 231 1271 τῶν
277 1220 554 1286 πολεμίων
603 1217 703 1270 οὐκ
751 1218 993 1269 ἄπωθεν.
1072 1219 1200 1277 τοὺς
1247 1213 1296 1267 δ’
1339 1212 1674 1284 Ἰσραηλίτας
1722 1214 1812 1267 καὶ

121 1309 217 1360 τὸν
256 1307 514 1376 Βάρακον
553 1303 991 1373 καταπλαγέντας
1030 1306 1089 1357 τὸ
1131 1308 1344 1371 πλῆθος
1383 1313 1493 1355 τῶν
1531 1306 1812 1372 πολεμίων

57 1417 98 1449 15
122 1393 212 1448 καὶ
263 1394 571 1465 ἀναχωρεῖν
627 1396 991 1461 διεγνωκότας
1037 1392 1068 1460 ἡ
1123 1393 1358 1461 Δεβώρα
1413 1400 1656 1461 κατεῖχε,
1712 1393 1811 1460 τὴν

125 1485 409 1552 συμβολὴν
449 1488 732 1536 ποιεῖσθαι
783 1480 896 1534 κατ’
947 1481 1161 1549 ἐκείνην
1201 1482 1504 1534 κελεύουσα
1544 1482 1644 1548 τὴν
1686 1480 1812 1548 ἡμέ-

124 1589 249 1641 ραν·
298 1574 544 1640 νικήσειν
584 1572 688 1640 γὰρ
730 1571 929 1632 αὐτοὺς
968 1568 1057 1621 καὶ
1099 1572 1482 1637 συλλήψεσθαι
1521 1570 1618 1621 τὸν
1656 1571 1810 1622 θεόν.

126 1660 306 1727 <205>
349 1666 597 1728 συνῇσαν
638 1654 761 1725 οὖν,
799 1655 890 1710 καὶ
928 1655 1345 1726 προσμιγέντων
1387 1656 1568 1709 αὐτῶν
1608 1658 1812 1726 χειμὼν

125 1747 423 1814 ἐπιγίνεται
470 1745 635 1815 μέγας
680 1744 770 1798 καὶ
817 1746 969 1814 ὕδωρ
1017 1748 1158 1798 πολὺ
1199 1744 1289 1797 καὶ
1340 1745 1573 1814 χάλαζα,
1619 1748 1716 1798 τόν
1756 1765 1811 1797 τε

57 1857 100 1890 20
123 1835 285 1888 ὑετὸν
325 1836 458 1887 κατὰ
490 1837 789 1905 πρόσωπον
829 1835 1032 1902 ἤλαυνε
1073 1843 1182 1885 τῶν
1225 1837 1555 1886 Χαναναίων
1595 1835 1813 1902 ἄνεμος,

123 1934 239 1986 ταῖς
264 1926 458 1988 ὄψεσιν
491 1923 673 1976 αὐτῶν
707 1922 1007 1975 ἐπισκοτῶν
1041 1923 1113 1984 ὡς
1144 1923 1239 1984 τὰς
1269 1921 1477 1985 τοξείας
1510 1921 1814 1991 ἀχρήστους

124 2013 309 2075 αὐτοῖς
342 2009 489 2065 ἐἶναι
529 2010 618 2064 καὶ
657 2013 750 2074 τὰς
790 2012 1120 2081 σφενδόνας·
1170 2011 1227 2063 οἵ
1259 2007 1318 2062 θ’
1366 2010 1579 2063 ὁπλῖται
1622 2011 1712 2062 διὰ
1751 2012 1811 2063 τὸ

123 2102 289 2171 κρύος
326 2106 568 2171 χρῆσθαι
599 2107 713 2163 τοῖς
753 2100 965 2169 ξίφεσιν
1007 2099 1108 2152 οὐκ
1147 2095 1312 2168 εἶχον.
1389 2098 1569 2165 <206>
1595 2101 1723 2160 τοὺς
1756 2096 1806 2150 δ’

119 2187 452 2258 Ἰσραηλίτας
490 2185 654 2257 ἧττόν
685 2185 729 2240 τ’
770 2191 998 2257 ἔβλαπτε
1039 2190 1267 2245 κατόπιν
1308 2189 1597 2255 γινόμενος
1637 2187 1664 2239 ὁ
1705 2206 1814 2256 χει-

59 2294 101 2327 25
126 2279 274 2346 μών,
327 2275 417 2329 καὶ
471 2279 607 2346 πρὸς
660 2278 758 2344 τὴν
811 2279 1033 2329 ἔννοιαν
1083 2283 1177 2344 τῆς
1227 2278 1490 2343 βοηθείας
1535 2282 1633 2327 τοῦ
1672 2280 1814 2328 θεοῦ

124 2366 336 2434 θάρσος
390 2364 734 2432 ἐλάμβανον,
791 2361 914 2416 ὥστ’
974 2366 1051 2426 εἰς
1105 2363 1304 2432 μέσους
1360 2363 1631 2431 ὠσάμενοι
1686 2365 1815 2424 τοὺς

124 2456 438 2521 πολεμιόυς,
468 2455 706 2514 πολλοὺς
738 2452 919 2505 αὐτῶν
952 2451 1288 2505 ἀπέκτειναν.
1366 2450 1455 2503 καὶ
1489 2454 1546 2503 οἳ
1573 2448 1673 2519 μὲν
1706 2451 1813 2504 ὑπὸ

126 2551 234 2594 τῶν
284 2538 667 2610 Ἰσραηλιτῶν,
723 2544 779 2594 οἳ
815 2538 864 2592 δ’
910 2540 1017 2593 ὑπὸ
1065 2548 1158 2608 τῆς
1205 2542 1404 2601 οἰκείας
1443 2540 1612 2592 ἵππου
1652 2559 1814 2607 ταρα-

125 2628 351 2699 χθέντες
382 2631 597 2697 ἔπεσον,
639 2630 710 2691 ὡς
740 2629 846 2682 ὑπὸ
879 2638 989 2681 τῶν
1029 2628 1287 2698 ἁρμάτων
1327 2630 1565 2690 πολλοὺς
1604 2627 1814 2680 ἀποθα-

60 2733 103 2766 30
127 2727 261 2770 νεῖν.
340 2717 520 2785 <207>
572 2717 817 2788 Σισάρης
873 2714 932 2769 δὲ
986 2718 1368 2784 καταπηδήσας
1415 2724 1512 2768 τοῦ
1560 2717 1815 2786 ἅρματος,

249 2823 272 2870 ξ
307 2823 390 2861 2Οὲ
418 2841 473 2854 =
498 2817 641 2862 Iudio.
675 2817 739 2861 IV
774 2823 812 2861 6.

215 2901 427 2932 ΙοεΕΡΗοε.
449 2901 480 2931 1.
1491 2896 1546 2934 20

1845 1054 1871 1091 4
