<?xml version="1.0" encoding="UTF-8"?>
<!DOCTYPE html PUBLIC "-//W3C//DTD XHTML 1.0 Transitional//EN"
    "http://www.w3.org/TR/xhtml1/DTD/xhtml1-transitional.dtd">
<html xmlns="http://www.w3.org/1999/xhtml" xml:lang="en" lang="en">
 <head>
  <title>
</title>
<meta http-equiv="Content-Type" content="text/html;charset=utf-8" />
  <meta name='ocr-system' content='tesseract 3.04.00' />
  <meta name='ocr-capabilities' content='ocr_page ocr_carea ocr_par ocr_line ocrx_word'/>
</head>
<body>
  <div class='ocr_page' id='page_1' title='image "./flaviiiosephiope01joseuoft_0359.png"; bbox 0 0 2052 3141; ppageno 0'>
   <div class='ocr_carea' id='block_1_1' title="bbox 812 51 1789 103">
    <p class='ocr_par' dir='ltr' id='par_1_1' title="bbox 812 51 1789 103">
     <span class='ocr_line' id='line_1_1' title="bbox 812 51 1789 103; baseline 0.012 -12"><span class='ocrx_word' id='word_1_1' title='bbox 812 53 1076 94; x_wconf 82' lang='grc' dir='ltr'><strong>ΠΕΜΠΤΗ</strong></span> <span class='ocrx_word' id='word_1_2' title='bbox 1680 51 1789 103; x_wconf 77' lang='grc'><em>325</em></span> 
     </span>
    </p>
   </div>
   <div class='ocr_carea' id='block_1_2' title="bbox 1 183 1791 2897">
    <p class='ocr_par' dir='ltr' id='par_1_2' title="bbox 1 183 1791 2897">
     <span class='ocr_line' id='line_1_2' title="bbox 103 183 1790 253; baseline 0 -15"><span class='ocrx_word' id='word_1_3' title='bbox 103 188 266 240; x_wconf 81' lang='grc' dir='ltr'><em>ἔνδον</em></span> <span class='ocrx_word' id='word_1_4' title='bbox 306 187 483 253; x_wconf 76' lang='grc' dir='ltr'><em>τινάς,</em></span> <span class='ocrx_word' id='word_1_5' title='bbox 533 184 624 237; x_wconf 85' lang='grc' dir='ltr'><em>καὶ</em></span> <span class='ocrx_word' id='word_1_6' title='bbox 664 186 1014 238; x_wconf 90' lang='grc' dir='ltr'><em>καθεύδοντα</em></span> <span class='ocrx_word' id='word_1_7' title='bbox 1054 186 1335 253; x_wconf 79' lang='grc' dir='ltr'><em>μεθύοντα</em></span> <span class='ocrx_word' id='word_1_8' title='bbox 1375 183 1637 253; x_wconf 79' lang='grc' dir='ltr'><em>κατέδησε</em></span> <span class='ocrx_word' id='word_1_9' title='bbox 1677 196 1790 248; x_wconf 86' lang='grc' dir='ltr'><em>τοῖς</em></span> 
     </span>
     <span class='ocr_line' id='line_1_3' title="bbox 101 270 1789 343; baseline -0.001 -16"><span class='ocrx_word' id='word_1_10' title='bbox 101 277 336 343; x_wconf 80' lang='grc' dir='ltr'><em>κλήμασι</em></span> <span class='ocrx_word' id='word_1_11' title='bbox 374 275 510 326; x_wconf 73' lang='grc' dir='ltr'><em>κατὰ</em></span> <span class='ocrx_word' id='word_1_12' title='bbox 548 276 609 327; x_wconf 90' lang='grc' dir='ltr'><em>τὸ</em></span> <span class='ocrx_word' id='word_1_13' title='bbox 651 275 1036 343; x_wconf 79' lang='grc' dir='ltr'><em>ἰσχυρότατον,</em></span> <span class='ocrx_word' id='word_1_14' title='bbox 1085 273 1248 326; x_wconf 79' lang='grc' dir='ltr'><em>ἔπειτ’</em></span> <span class='ocrx_word' id='word_1_15' title='bbox 1297 273 1624 343; x_wconf 75' lang='grc' dir='ltr'><em>ἀνεγείρασα</em></span> <span class='ocrx_word' id='word_1_16' title='bbox 1666 270 1789 342; x_wconf 82' lang='grc' dir='ltr'><em>ἐδή-</em></span> 
     </span>
     <span class='ocr_line' id='line_1_4' title="bbox 102 359 1789 432; baseline 0 -18"><span class='ocrx_word' id='word_1_17' title='bbox 102 366 202 415; x_wconf 91' lang='grc' dir='ltr'><em>λου</em></span> <span class='ocrx_word' id='word_1_18' title='bbox 242 366 501 432; x_wconf 87' lang='grc' dir='ltr'><em>παρεῖναί</em></span> <span class='ocrx_word' id='word_1_19' title='bbox 535 382 685 424; x_wconf 91' lang='grc' dir='ltr'><em>τινας</em></span> <span class='ocrx_word' id='word_1_20' title='bbox 737 360 815 414; x_wconf 86' lang='grc' dir='ltr'><em>ἐπ’</em></span> <span class='ocrx_word' id='word_1_21' title='bbox 866 361 1048 414; x_wconf 87' lang='grc' dir='ltr'><em>αὐτόν.</em></span> <span class='ocrx_word' id='word_1_22' title='bbox 1127 363 1305 429; x_wconf 79' lang='grc'>&lt;310&gt;</span> <span class='ocrx_word' id='word_1_23' title='bbox 1348 362 1375 414; x_wconf 90' lang='grc' dir='ltr'><em>ὃ</em></span> <span class='ocrx_word' id='word_1_24' title='bbox 1420 359 1480 414; x_wconf 76' lang='grc' dir='ltr'><em>δὲ</em></span> <span class='ocrx_word' id='word_1_25' title='bbox 1521 362 1685 431; x_wconf 77' lang='grc' dir='ltr'><em>ῥήξας</em></span> <span class='ocrx_word' id='word_1_26' title='bbox 1724 363 1789 415; x_wconf 78' lang='grc' dir='ltr'><em>τὰ</em></span> 
     </span>
     <span class='ocr_line' id='line_1_5' title="bbox 100 448 1789 521; baseline 0.001 -20"><span class='ocrx_word' id='word_1_27' title='bbox 100 452 344 518; x_wconf 78' lang='grc' dir='ltr'><em>κλήματα</em></span> <span class='ocrx_word' id='word_1_28' title='bbox 389 453 624 518; x_wconf 79' lang='grc' dir='ltr'><em>βοηθεῖν</em></span> <span class='ocrx_word' id='word_1_29' title='bbox 673 451 744 512; x_wconf 84' lang='grc' dir='ltr'><em>ὡς</em></span> <span class='ocrx_word' id='word_1_30' title='bbox 796 448 1175 519; x_wconf 73' lang='grc' dir='ltr'><em>ἐπερχομένων</em></span> <span class='ocrx_word' id='word_1_31' title='bbox 1228 450 1374 521; x_wconf 70' lang='grc' dir='ltr'><em>αὐτῷ</em></span> <span class='ocrx_word' id='word_1_32' title='bbox 1429 460 1596 503; x_wconf 84' lang='grc' dir='ltr'><em>τινῶν</em></span> <span class='ocrx_word' id='word_1_33' title='bbox 1649 451 1789 503; x_wconf 91' lang='grc' dir='ltr'><em>ἐπει-</em></span> 
     </span>
     <span class='ocr_line' id='line_1_6' title="bbox 56 537 1786 607; baseline 0.001 -18"><span class='ocrx_word' id='word_1_34' title='bbox 56 552 76 584; x_wconf 83' lang='grc'>5</span> <span class='ocrx_word' id='word_1_35' title='bbox 102 544 248 606; x_wconf 82' lang='grc' dir='ltr'><em>ρᾶτο.</em></span> <span class='ocrx_word' id='word_1_36' title='bbox 311 537 400 590; x_wconf 89' lang='grc' dir='ltr'><em>καὶ</em></span> <span class='ocrx_word' id='word_1_37' title='bbox 431 538 464 605; x_wconf 82' lang='grc' dir='ltr'><em>ἡ</em></span> <span class='ocrx_word' id='word_1_38' title='bbox 497 542 658 606; x_wconf 84' lang='grc' dir='ltr'><em>γυνή,</em></span> <span class='ocrx_word' id='word_1_39' title='bbox 699 547 940 607; x_wconf 86' lang='grc' dir='ltr'><em>συνεχῶς</em></span> <span class='ocrx_word' id='word_1_40' title='bbox 973 538 1296 606; x_wconf 74' lang='grc' dir='ltr'><em>ὁμιλοῦντος</em></span> <span class='ocrx_word' id='word_1_41' title='bbox 1335 538 1471 607; x_wconf 75' lang='grc' dir='ltr'><em>αὐτῇ</em></span> <span class='ocrx_word' id='word_1_42' title='bbox 1513 547 1611 592; x_wconf 85' lang='grc' dir='ltr'><em>τοῦ</em></span> <span class='ocrx_word' id='word_1_43' title='bbox 1637 543 1786 606; x_wconf 83' lang='grc' dir='ltr'><em>Σαμ-</em></span> 
     </span>
     <span class='ocr_line' id='line_1_7' title="bbox 100 625 1790 696; baseline 0.001 -17"><span class='ocrx_word' id='word_1_44' title='bbox 100 635 315 693; x_wconf 79' lang='grc' dir='ltr'><em>ψῶνος,</em></span> <span class='ocrx_word' id='word_1_45' title='bbox 364 627 556 689; x_wconf 92' lang='grc' dir='ltr'><em>δεινῶς</em></span> <span class='ocrx_word' id='word_1_46' title='bbox 603 629 746 696; x_wconf 82' lang='grc' dir='ltr'><em>ἔχειν</em></span> <span class='ocrx_word' id='word_1_47' title='bbox 796 629 980 694; x_wconf 83' lang='grc' dir='ltr'><em>ἔλεγεν</em></span> <span class='ocrx_word' id='word_1_48' title='bbox 1020 628 1070 678; x_wconf 82' lang='grc' dir='ltr'><em>εἰ</em></span> <span class='ocrx_word' id='word_1_49' title='bbox 1114 625 1228 679; x_wconf 82' lang='grc' dir='ltr'><em>κατ’</em></span> <span class='ocrx_word' id='word_1_50' title='bbox 1276 626 1530 680; x_wconf 77' lang='grc' dir='ltr'><em>ἀπιστίαν</em></span> <span class='ocrx_word' id='word_1_51' title='bbox 1571 628 1790 689; x_wconf 85' lang='grc' dir='ltr'><em>εὐνοίας</em></span> 
     </span>
     <span class='ocr_line' id='line_1_8' title="bbox 100 712 1790 784; baseline 0.001 -18"><span class='ocrx_word' id='word_1_52' title='bbox 100 722 194 782; x_wconf 85' lang='grc' dir='ltr'><em>τῆς</em></span> <span class='ocrx_word' id='word_1_53' title='bbox 239 716 374 784; x_wconf 86' lang='grc' dir='ltr'><em>πρὸς</em></span> <span class='ocrx_word' id='word_1_54' title='bbox 421 715 589 768; x_wconf 84' lang='grc' dir='ltr'><em>αὐτὸν</em></span> <span class='ocrx_word' id='word_1_55' title='bbox 635 716 707 783; x_wconf 88' lang='grc' dir='ltr'><em>μὴ</em></span> <span class='ocrx_word' id='word_1_56' title='bbox 756 712 905 782; x_wconf 87' lang='grc' dir='ltr'><em>λέγοι</em></span> <span class='ocrx_word' id='word_1_57' title='bbox 952 712 1113 767; x_wconf 83' lang='grc' dir='ltr'><em>ταῦθ’</em></span> <span class='ocrx_word' id='word_1_58' title='bbox 1161 716 1295 784; x_wconf 75' lang='grc' dir='ltr'><em>ἅπερ</em></span> <span class='ocrx_word' id='word_1_59' title='bbox 1348 717 1554 783; x_wconf 78' lang='grc' dir='ltr'><em>δεῖται,</em></span> <span class='ocrx_word' id='word_1_60' title='bbox 1611 716 1682 777; x_wconf 80' lang='grc' dir='ltr'><em>ὡς</em></span> <span class='ocrx_word' id='word_1_61' title='bbox 1722 715 1790 768; x_wconf 84' lang='grc' dir='ltr'><em>οὐ</em></span> 
     </span>
     <span class='ocr_line' id='line_1_9' title="bbox 102 800 1788 875; baseline 0.001 -21"><span class='ocrx_word' id='word_1_62' title='bbox 102 800 465 870; x_wconf 79' lang='grc' dir='ltr'><em>σιγησομένης</em></span> <span class='ocrx_word' id='word_1_63' title='bbox 490 802 590 854; x_wconf 81' lang='grc' dir='ltr'><em>ὅσα</em></span> <span class='ocrx_word' id='word_1_64' title='bbox 615 804 687 870; x_wconf 84' lang='grc' dir='ltr'><em>μὴ</em></span> <span class='ocrx_word' id='word_1_65' title='bbox 714 803 1084 869; x_wconf 77' lang='grc' dir='ltr'><em>γινώσκεσθαι</em></span> <span class='ocrx_word' id='word_1_66' title='bbox 1118 801 1420 872; x_wconf 74' lang='grc' dir='ltr'><em>συμφέρειν</em></span> <span class='ocrx_word' id='word_1_67' title='bbox 1447 801 1598 856; x_wconf 79' lang='grc' dir='ltr'><em>οἶδεν</em></span> <span class='ocrx_word' id='word_1_68' title='bbox 1625 804 1788 875; x_wconf 75' lang='grc' dir='ltr'><em>αὐτῷ.</em></span> 
     </span>
     <span class='ocr_line' id='line_1_10' title="bbox 101 887 1790 960; baseline 0.001 -18"><span class='ocrx_word' id='word_1_69' title='bbox 101 890 279 957; x_wconf 81' lang='grc'>&lt;311&gt;</span> <span class='ocrx_word' id='word_1_70' title='bbox 328 898 426 943; x_wconf 86' lang='grc' dir='ltr'><em>τοῦ</em></span> <span class='ocrx_word' id='word_1_71' title='bbox 476 887 536 942; x_wconf 74' lang='grc' dir='ltr'><em>δὲ</em></span> <span class='ocrx_word' id='word_1_72' title='bbox 586 891 751 942; x_wconf 75' lang='grc' dir='ltr'><em>πάλιν</em></span> <span class='ocrx_word' id='word_1_73' title='bbox 802 890 1115 952; x_wconf 79' lang='grc' dir='ltr'><em>ἀπατῶντος</em></span> <span class='ocrx_word' id='word_1_74' title='bbox 1162 891 1334 959; x_wconf 83' lang='grc' dir='ltr'><em>αὐτὴν</em></span> <span class='ocrx_word' id='word_1_75' title='bbox 1383 890 1472 943; x_wconf 83' lang='grc' dir='ltr'><em>καὶ</em></span> <span class='ocrx_word' id='word_1_76' title='bbox 1512 896 1790 960; x_wconf 88' lang='grc' dir='ltr'><em>φήσαντος</em></span> 
     </span>
     <span class='ocr_line' id='line_1_11' title="bbox 33 976 1789 1048; baseline 0.001 -18"><span class='ocrx_word' id='word_1_77' title='bbox 33 992 75 1024; x_wconf 83' lang='grc'><em>10</em></span> <span class='ocrx_word' id='word_1_78' title='bbox 101 976 230 1030; x_wconf 80' lang='grc' dir='ltr'><em>ἑπτὰ</em></span> <span class='ocrx_word' id='word_1_79' title='bbox 262 979 448 1040; x_wconf 78' lang='grc' dir='ltr'><em>κάλοις</em></span> <span class='ocrx_word' id='word_1_80' title='bbox 481 977 714 1030; x_wconf 80' lang='grc' dir='ltr'><em>δεθέντα</em></span> <span class='ocrx_word' id='word_1_81' title='bbox 746 980 846 1046; x_wconf 88' lang='grc' dir='ltr'><em>τὴν</em></span> <span class='ocrx_word' id='word_1_82' title='bbox 881 981 1040 1048; x_wconf 87' lang='grc' dir='ltr'><em>ι’σχὺν</em></span> <span class='ocrx_word' id='word_1_83' title='bbox 1073 979 1318 1047; x_wconf 80' lang='grc' dir='ltr'><em>ἀπολεῖν,</em></span> <span class='ocrx_word' id='word_1_84' title='bbox 1360 979 1474 1032; x_wconf 86' lang='grc' dir='ltr'><em>ἐπεὶ</em></span> <span class='ocrx_word' id='word_1_85' title='bbox 1506 979 1595 1031; x_wconf 86' lang='grc' dir='ltr'><em>καὶ</em></span> <span class='ocrx_word' id='word_1_86' title='bbox 1628 989 1789 1033; x_wconf 87' lang='grc' dir='ltr'><em>τοῦτο</em></span> 
     </span>
     <span class='ocr_line' id='line_1_12' title="bbox 98 1063 1790 1136; baseline 0.001 -18"><span class='ocrx_word' id='word_1_87' title='bbox 98 1068 370 1134; x_wconf 89' lang='grc' dir='ltr'><em>ποιήσασα</em></span> <span class='ocrx_word' id='word_1_88' title='bbox 403 1063 569 1119; x_wconf 76' lang='grc' dir='ltr'><em>οὐδὲν</em></span> <span class='ocrx_word' id='word_1_89' title='bbox 602 1068 790 1135; x_wconf 77' lang='grc' dir='ltr'><em>ἤνυσε,</em></span> <span class='ocrx_word' id='word_1_90' title='bbox 830 1070 1016 1136; x_wconf 89' lang='grc' dir='ltr'><em>τρίτον</em></span> <span class='ocrx_word' id='word_1_91' title='bbox 1050 1066 1321 1136; x_wconf 85' lang='grc' dir='ltr'><em>ἐνυφῆναι</em></span> <span class='ocrx_word' id='word_1_92' title='bbox 1354 1069 1447 1129; x_wconf 78' lang='grc' dir='ltr'><em>τὰς</em></span> <span class='ocrx_word' id='word_1_93' title='bbox 1486 1070 1655 1136; x_wconf 87' lang='grc' dir='ltr'><em>κόμας</em></span> <span class='ocrx_word' id='word_1_94' title='bbox 1695 1068 1790 1120; x_wconf 87' lang='grc' dir='ltr'><em>αὐ-</em></span> 
     </span>
     <span class='ocr_line' id='line_1_13' title="bbox 98 1152 1788 1224; baseline 0.001 -18"><span class='ocrx_word' id='word_1_95' title='bbox 98 1163 197 1207; x_wconf 85' lang='grc' dir='ltr'><em>τοῦ</em></span> <span class='ocrx_word' id='word_1_96' title='bbox 246 1153 534 1222; x_wconf 85' lang='grc' dir='ltr'><em>ἐμήνυσεν.</em></span> <span class='ocrx_word' id='word_1_97' title='bbox 614 1156 793 1223; x_wconf 78' lang='grc'>&lt;312&gt;</span> <span class='ocrx_word' id='word_1_98' title='bbox 846 1155 917 1217; x_wconf 85' lang='grc' dir='ltr'><em>ὡς</em></span> <span class='ocrx_word' id='word_1_99' title='bbox 958 1152 1006 1206; x_wconf 83' lang='grc' dir='ltr'><em>δ’</em></span> <span class='ocrx_word' id='word_1_100' title='bbox 1055 1152 1185 1207; x_wconf 76' lang='grc' dir='ltr'><em>οὐδὲ</em></span> <span class='ocrx_word' id='word_1_101' title='bbox 1234 1156 1434 1208; x_wconf 88' lang='grc' dir='ltr'><em>τούτου</em></span> <span class='ocrx_word' id='word_1_102' title='bbox 1487 1155 1788 1224; x_wconf 87' lang='grc' dir='ltr'><em>γενομένου</em></span> 
     </span>
     <span class='ocr_line' id='line_1_14' title="bbox 99 1240 1790 1313; baseline 0.002 -19"><span class='ocrx_word' id='word_1_103' title='bbox 99 1240 302 1311; x_wconf 77' lang='grc' dir='ltr'><em>ἀληθὲς</em></span> <span class='ocrx_word' id='word_1_104' title='bbox 334 1242 643 1312; x_wconf 72' lang='grc' dir='ltr'><em>ηὑρίσκετο,</em></span> <span class='ocrx_word' id='word_1_105' title='bbox 677 1241 941 1311; x_wconf 89' lang='grc' dir='ltr'><em>δεομένης</em></span> <span class='ocrx_word' id='word_1_106' title='bbox 972 1247 1284 1295; x_wconf 85' lang='grc' dir='ltr'><em>τελευταῖον</em></span> <span class='ocrx_word' id='word_1_107' title='bbox 1313 1244 1340 1296; x_wconf 85' lang='grc' dir='ltr'>ὁ</span> <span class='ocrx_word' id='word_1_108' title='bbox 1368 1246 1619 1312; x_wconf 82' lang='grc' dir='ltr'><em>Σαμψών</em></span> <span class='ocrx_word' id='word_1_109' title='bbox 1654 1246 1790 1313; x_wconf 61' lang='grc' dir='ltr'><em>(ἔδει</em></span> 
     </span>
     <span class='ocr_line' id='line_1_15' title="bbox 99 1329 1790 1402; baseline 0.002 -20"><span class='ocrx_word' id='word_1_110' title='bbox 99 1332 203 1400; x_wconf 80' lang='grc' dir='ltr'><em>γὰρ</em></span> <span class='ocrx_word' id='word_1_111' title='bbox 239 1331 406 1384; x_wconf 88' lang='grc' dir='ltr'><em>αὐτὸν</em></span> <span class='ocrx_word' id='word_1_112' title='bbox 441 1338 698 1402; x_wconf 77' lang='grc' dir='ltr'><em>συμφορᾷ</em></span> <span class='ocrx_word' id='word_1_113' title='bbox 730 1329 1068 1401; x_wconf 77' lang='grc' dir='ltr'><em>περιπεσεῖν)</em></span> <span class='ocrx_word' id='word_1_114' title='bbox 1101 1334 1418 1400; x_wconf 83' lang='grc' dir='ltr'><em>χαρίζεσθαι</em></span> <span class='ocrx_word' id='word_1_115' title='bbox 1452 1335 1790 1401; x_wconf 86' lang='grc' dir='ltr'><em>βουλόμενος</em></span> 
     </span>
     <span class='ocr_line' id='line_1_16' title="bbox 31 1419 1790 1489; baseline 0.001 -18"><span class='ocrx_word' id='word_1_116' title='bbox 31 1434 71 1466; x_wconf 87' lang='lat'><em>15</em></span> <span class='ocrx_word' id='word_1_117' title='bbox 99 1427 162 1489; x_wconf 76' lang='grc' dir='ltr'><em>τῇ</em></span> <span class='ocrx_word' id='word_1_118' title='bbox 203 1423 446 1489; x_wconf 74' lang='grc' dir='ltr'><em>Δαλίλῃ,</em></span> <span class='ocrx_word' id='word_1_119' title='bbox 495 1419 684 1488; x_wconf 53' lang='grc' dir='ltr'><em>(ἐμοῦ’</em></span> <span class='ocrx_word' id='word_1_120' title='bbox 732 1424 901 1488; x_wconf 89' lang='grc' dir='ltr'><em>φησίν</em></span> <span class='ocrx_word' id='word_1_121' title='bbox 951 1419 1005 1473; x_wconf 48' lang='grc' dir='ltr'><em>(ὁ</em></span> <span class='ocrx_word' id='word_1_122' title='bbox 1045 1422 1177 1481; x_wconf 87' lang='grc' dir='ltr'><em>θεὸς</em></span> <span class='ocrx_word' id='word_1_123' title='bbox 1223 1421 1475 1489; x_wconf 76' lang='grc' dir='ltr'><em>κήδεται,</em></span> <span class='ocrx_word' id='word_1_124' title='bbox 1527 1420 1616 1473; x_wconf 84' lang='grc' dir='ltr'><em>καὶ</em></span> <span class='ocrx_word' id='word_1_125' title='bbox 1655 1423 1790 1473; x_wconf 81' lang='grc' dir='ltr'><em>κατὰ</em></span> 
     </span>
     <span class='ocr_line' id='line_1_17' title="bbox 97 1505 1790 1579; baseline 0.001 -18"><span class='ocrx_word' id='word_1_126' title='bbox 97 1510 198 1577; x_wconf 86' lang='grc' dir='ltr'><em>τὴν</em></span> <span class='ocrx_word' id='word_1_127' title='bbox 239 1508 455 1561; x_wconf 87' lang='grc' dir='ltr'><em>ἐκείνου</em></span> <span class='ocrx_word' id='word_1_128' title='bbox 487 1510 757 1578; x_wconf 90' lang='grc' dir='ltr'><em>πρόνοιαν</em></span> <span class='ocrx_word' id='word_1_129' title='bbox 798 1505 1092 1575; x_wconf 85' lang='grc' dir='ltr'><em>γεννηθεὶς</em></span> <span class='ocrx_word' id='word_1_130' title='bbox 1130 1510 1306 1576; x_wconf 86' lang='grc' dir='ltr'><em>κόμην</em></span> <span class='ocrx_word' id='word_1_131' title='bbox 1346 1509 1549 1577; x_wconf 85' lang='grc' dir='ltr'><em>ταύτην</em></span> <span class='ocrx_word' id='word_1_132' title='bbox 1589 1509 1790 1579; x_wconf 82' lang='grc' dir='ltr'><em>τρέφω,</em></span> 
     </span>
     <span class='ocr_line' id='line_1_18' title="bbox 97 1595 1790 1668; baseline 0.001 -19"><span class='ocrx_word' id='word_1_133' title='bbox 97 1598 581 1667; x_wconf 86' lang='grc' dir='ltr'><em>παρεγγυήσαντος</em></span> <span class='ocrx_word' id='word_1_134' title='bbox 605 1597 677 1664; x_wconf 89' lang='grc' dir='ltr'><em>μὴ</em></span> <span class='ocrx_word' id='word_1_135' title='bbox 706 1595 1016 1665; x_wconf 85' lang='grc' dir='ltr'><em>ἀποκείρειν</em></span> <span class='ocrx_word' id='word_1_136' title='bbox 1040 1604 1138 1649; x_wconf 88' lang='grc' dir='ltr'><em>τοῦ</em></span> <span class='ocrx_word' id='word_1_137' title='bbox 1162 1601 1328 1649; x_wconf 87' lang='grc' dir='ltr'><em>θεοῦ·</em></span> <span class='ocrx_word' id='word_1_138' title='bbox 1364 1598 1464 1665; x_wconf 82' lang='grc' dir='ltr'><em>τὴν</em></span> <span class='ocrx_word' id='word_1_139' title='bbox 1498 1598 1601 1667; x_wconf 76' lang='grc' dir='ltr'><em>γὰρ</em></span> <span class='ocrx_word' id='word_1_140' title='bbox 1630 1600 1790 1668; x_wconf 83' lang='grc' dir='ltr'><em>ἰσχὺν</em></span> 
     </span>
     <span class='ocr_line' id='line_1_19' title="bbox 99 1682 1787 1756; baseline 0.001 -18"><span class='ocrx_word' id='word_1_141' title='bbox 99 1682 246 1738; x_wconf 83' lang='grc' dir='ltr'><em>εἶναί</em></span> <span class='ocrx_word' id='word_1_142' title='bbox 288 1705 382 1753; x_wconf 94' lang='grc' dir='ltr'><em>μοι</em></span> <span class='ocrx_word' id='word_1_143' title='bbox 429 1685 562 1737; x_wconf 72' lang='grc' dir='ltr'><em>κατὰ</em></span> <span class='ocrx_word' id='word_1_144' title='bbox 609 1685 708 1752; x_wconf 85' lang='grc' dir='ltr'><em>τὴν</em></span> <span class='ocrx_word' id='word_1_145' title='bbox 756 1685 952 1752; x_wconf 88' lang='grc' dir='ltr'><em>ταύτης</em></span> <span class='ocrx_word' id='word_1_146' title='bbox 1005 1683 1234 1752; x_wconf 79' lang='grc' dir='ltr'><em>αὔξησιν</em></span> <span class='ocrx_word' id='word_1_147' title='bbox 1286 1682 1376 1736; x_wconf 86' lang='grc' dir='ltr'><em>καὶ</em></span> <span class='ocrx_word' id='word_1_148' title='bbox 1426 1687 1787 1756; x_wconf 78' lang='grc' dir='ltr'><em>παραμονήν.’</em></span> 
     </span>
     <span class='ocr_line' id='line_1_20' title="bbox 99 1771 1790 1842; baseline 0.001 -15"><span class='ocrx_word' id='word_1_149' title='bbox 99 1775 276 1842; x_wconf 80' lang='grc'>&lt;313&gt;</span> <span class='ocrx_word' id='word_1_150' title='bbox 309 1781 477 1826; x_wconf 86' lang='grc' dir='ltr'><em>ταῦτα</em></span> <span class='ocrx_word' id='word_1_151' title='bbox 510 1779 769 1841; x_wconf 88' lang='grc' dir='ltr'><em>μαθοῦσα</em></span> <span class='ocrx_word' id='word_1_152' title='bbox 801 1771 891 1824; x_wconf 86' lang='grc' dir='ltr'><em>καὶ</em></span> <span class='ocrx_word' id='word_1_153' title='bbox 933 1775 1239 1841; x_wconf 90' lang='grc' dir='ltr'><em>στερήσασα</em></span> <span class='ocrx_word' id='word_1_154' title='bbox 1278 1780 1370 1840; x_wconf 82' lang='grc' dir='ltr'><em>τῆς</em></span> <span class='ocrx_word' id='word_1_155' title='bbox 1409 1776 1580 1841; x_wconf 90' lang='grc' dir='ltr'><em>κόμης</em></span> <span class='ocrx_word' id='word_1_156' title='bbox 1619 1775 1790 1828; x_wconf 86' lang='grc' dir='ltr'><em>αὐτὸν</em></span> 
     </span>
     <span class='ocr_line' id='line_1_21' title="bbox 1 1858 1791 1932; baseline 0.001 -18"><span class='ocrx_word' id='word_1_157' title='bbox 1 1876 74 1930; x_wconf 31' lang='grc'><em>,20</em></span> <span class='ocrx_word' id='word_1_158' title='bbox 98 1863 444 1932; x_wconf 89' lang='grc' dir='ltr'><em>παραδίδωσι</em></span> <span class='ocrx_word' id='word_1_159' title='bbox 483 1871 595 1923; x_wconf 88' lang='grc' dir='ltr'><em>τοῖς</em></span> <span class='ocrx_word' id='word_1_160' title='bbox 634 1864 943 1930; x_wconf 77' lang='grc' dir='ltr'><em>πολεμίοις,</em></span> <span class='ocrx_word' id='word_1_161' title='bbox 984 1858 1159 1913; x_wconf 84' lang='grc' dir='ltr'><em>οὐκέτ’</em></span> <span class='ocrx_word' id='word_1_162' title='bbox 1208 1863 1340 1914; x_wconf 83' lang='grc' dir='ltr'><em>ὄντα</em></span> <span class='ocrx_word' id='word_1_163' title='bbox 1384 1863 1611 1931; x_wconf 83' lang='grc' dir='ltr'><em>ἰσχυρὸν</em></span> <span class='ocrx_word' id='word_1_164' title='bbox 1652 1862 1791 1931; x_wconf 88' lang='grc' dir='ltr'><em>ἀμύ-</em></span> 
     </span>
     <span class='ocr_line' id='line_1_22' title="bbox 97 1948 1789 2018; baseline 0.001 -16"><span class='ocrx_word' id='word_1_165' title='bbox 97 1955 305 2003; x_wconf 88' lang='grc' dir='ltr'><em>νασθαι</em></span> <span class='ocrx_word' id='word_1_166' title='bbox 351 1950 450 2018; x_wconf 84' lang='grc' dir='ltr'><em>τὴν</em></span> <span class='ocrx_word' id='word_1_167' title='bbox 498 1951 704 2018; x_wconf 80' lang='grc' dir='ltr'><em>ἔφοδον</em></span> <span class='ocrx_word' id='word_1_168' title='bbox 753 1950 949 2002; x_wconf 86' lang='grc' dir='ltr'><em>αὐτῶν.</em></span> <span class='ocrx_word' id='word_1_169' title='bbox 1029 1952 1085 2001; x_wconf 82' lang='grc' dir='ltr'><em>οἳ</em></span> <span class='ocrx_word' id='word_1_170' title='bbox 1129 1948 1180 2001; x_wconf 78' lang='grc' dir='ltr'><em>δ’</em></span> <span class='ocrx_word' id='word_1_171' title='bbox 1242 1949 1568 2013; x_wconf 81' lang='grc' dir='ltr'><em>ἐκκόψαντες</em></span> <span class='ocrx_word' id='word_1_172' title='bbox 1618 1950 1789 2004; x_wconf 86' lang='grc' dir='ltr'><em>αὐτοῦ</em></span> 
     </span>
     <span class='ocr_line' id='line_1_23' title="bbox 98 2036 1495 2108; baseline -0.001 -17"><span class='ocrx_word' id='word_1_173' title='bbox 98 2041 227 2101; x_wconf 89' lang='grc' dir='ltr'><em>τοὺς</em></span> <span class='ocrx_word' id='word_1_174' title='bbox 267 2038 592 2108; x_wconf 87' lang='grc' dir='ltr'><em>ὀφθαλμοὺς</em></span> <span class='ocrx_word' id='word_1_175' title='bbox 633 2036 930 2106; x_wconf 89' lang='grc' dir='ltr'><em>δεδεμένον</em></span> <span class='ocrx_word' id='word_1_176' title='bbox 971 2039 1125 2105; x_wconf 78' lang='grc' dir='ltr'><em>ἄγειν</em></span> <span class='ocrx_word' id='word_1_177' title='bbox 1164 2036 1495 2107; x_wconf 87' lang='grc' dir='ltr'><em>παρέδοσαν.</em></span> 
     </span>
     <span class='ocr_line' id='line_1_24' title="bbox 209 2123 1784 2198; baseline -0.001 -20"><span class='ocrx_word' id='word_1_178' title='bbox 209 2128 387 2193; x_wconf 81' lang='grc'>&lt;314&gt;</span> <span class='ocrx_word' id='word_1_179' title='bbox 426 2128 717 2195; x_wconf 83' lang='grc' dir='ltr'><em>προϊόντος</em></span> <span class='ocrx_word' id='word_1_180' title='bbox 750 2123 809 2178; x_wconf 73' lang='grc' dir='ltr'><em>δὲ</em></span> <span class='ocrx_word' id='word_1_181' title='bbox 843 2135 941 2178; x_wconf 86' lang='grc' dir='ltr'><em>τοῦ</em></span> <span class='ocrx_word' id='word_1_182' title='bbox 981 2128 1185 2195; x_wconf 89' lang='grc' dir='ltr'><em>χρόνου</em></span> <span class='ocrx_word' id='word_1_183' title='bbox 1226 2125 1418 2193; x_wconf 79' lang='grc' dir='ltr'><em>ηὔξετο</em></span> <span class='ocrx_word' id='word_1_184' title='bbox 1458 2126 1490 2193; x_wconf 81' lang='grc' dir='ltr'>ἡ</span> <span class='ocrx_word' id='word_1_185' title='bbox 1532 2128 1669 2195; x_wconf 91' lang='grc' dir='ltr'><em>κόμη</em></span> <span class='ocrx_word' id='word_1_186' title='bbox 1712 2134 1784 2198; x_wconf 75' lang='grc' dir='ltr'><em>τῷ</em></span> 
     </span>
     <span class='ocr_line' id='line_1_25' title="bbox 100 2212 1789 2283; baseline 0.001 -17"><span class='ocrx_word' id='word_1_187' title='bbox 100 2218 387 2282; x_wconf 84' lang='grc' dir='ltr'><em>Σαμψῶνι.</em></span> <span class='ocrx_word' id='word_1_188' title='bbox 464 2213 554 2266; x_wconf 87' lang='grc' dir='ltr'><em>καὶ</em></span> <span class='ocrx_word' id='word_1_189' title='bbox 596 2212 783 2283; x_wconf 80' lang='grc' dir='ltr'><em>ἑορτῆς</em></span> <span class='ocrx_word' id='word_1_190' title='bbox 830 2215 997 2282; x_wconf 82' lang='grc' dir='ltr'><em>οὔσης</em></span> <span class='ocrx_word' id='word_1_191' title='bbox 1035 2223 1149 2275; x_wconf 89' lang='grc' dir='ltr'><em>τοῖς</em></span> <span class='ocrx_word' id='word_1_192' title='bbox 1188 2217 1581 2276; x_wconf 88' lang='grc' dir='ltr'><em>Παλαιστινοῖς</em></span> <span class='ocrx_word' id='word_1_193' title='bbox 1622 2215 1789 2283; x_wconf 88' lang='grc' dir='ltr'><em>δημο-</em></span> 
     </span>
     <span class='ocr_line' id='line_1_26' title="bbox 33 2300 1787 2375; baseline 0.001 -21"><span class='ocrx_word' id='word_1_194' title='bbox 33 2316 75 2349; x_wconf 80' lang='lat'><em>25</em></span> <span class='ocrx_word' id='word_1_195' title='bbox 99 2306 290 2364; x_wconf 85' lang='grc' dir='ltr'><em>τελοῦς</em></span> <span class='ocrx_word' id='word_1_196' title='bbox 320 2300 412 2354; x_wconf 84' lang='grc' dir='ltr'><em>καὶ</em></span> <span class='ocrx_word' id='word_1_197' title='bbox 443 2311 553 2354; x_wconf 88' lang='grc' dir='ltr'><em>τῶν</em></span> <span class='ocrx_word' id='word_1_198' title='bbox 586 2301 869 2371; x_wconf 83' lang='grc' dir='ltr'><em>ἀρχόντων</em></span> <span class='ocrx_word' id='word_1_199' title='bbox 908 2301 998 2354; x_wconf 84' lang='grc' dir='ltr'><em>καὶ</em></span> <span class='ocrx_word' id='word_1_200' title='bbox 1030 2302 1468 2372; x_wconf 74' lang='grc' dir='ltr'><em>γνωριμωτάτων</em></span> <span class='ocrx_word' id='word_1_201' title='bbox 1511 2302 1570 2354; x_wconf 88' lang='grc' dir='ltr'><em>ἐν</em></span> <span class='ocrx_word' id='word_1_202' title='bbox 1610 2303 1787 2375; x_wconf 76' lang='grc' dir='ltr'><em>ταύτῷ</em></span> 
     </span>
     <span class='ocr_line' id='line_1_27' title="bbox 100 2386 1789 2460; baseline 0.001 -17"><span class='ocrx_word' id='word_1_203' title='bbox 100 2389 498 2460; x_wconf 85' lang='grc' dir='ltr'><em>εὐωχουμένων</em></span> <span class='ocrx_word' id='word_1_204' title='bbox 540 2386 713 2458; x_wconf 70' lang='grc' dir='ltr'><em>(οἶκος</em></span> <span class='ocrx_word' id='word_1_205' title='bbox 753 2387 801 2441; x_wconf 80' lang='grc' dir='ltr'><em>δ’</em></span> <span class='ocrx_word' id='word_1_206' title='bbox 849 2386 918 2457; x_wconf 82' lang='grc' dir='ltr'><em>ἧν</em></span> <span class='ocrx_word' id='word_1_207' title='bbox 960 2390 1060 2443; x_wconf 89' lang='grc' dir='ltr'><em>δύο</em></span> <span class='ocrx_word' id='word_1_208' title='bbox 1101 2393 1303 2443; x_wconf 89' lang='grc' dir='ltr'><em>κιόνων</em></span> <span class='ocrx_word' id='word_1_209' title='bbox 1345 2392 1652 2457; x_wconf 91' lang='grc' dir='ltr'><em>στεγόντων</em></span> <span class='ocrx_word' id='word_1_210' title='bbox 1692 2392 1789 2444; x_wconf 89' lang='grc' dir='ltr'><em>αὐ-</em></span> 
     </span>
     <span class='ocr_line' id='line_1_28' title="bbox 99 2476 1789 2549; baseline 0 -17"><span class='ocrx_word' id='word_1_211' title='bbox 99 2488 199 2533; x_wconf 87' lang='grc' dir='ltr'><em>τοῦ</em></span> <span class='ocrx_word' id='word_1_212' title='bbox 244 2481 342 2533; x_wconf 92' lang='grc' dir='ltr'><em>τὸν</em></span> <span class='ocrx_word' id='word_1_213' title='bbox 390 2479 624 2549; x_wconf 79' lang='grc' dir='ltr'><em>ὄροφον)</em></span> <span class='ocrx_word' id='word_1_214' title='bbox 673 2479 859 2546; x_wconf 77' lang='grc' dir='ltr'><em>ἄγεται</em></span> <span class='ocrx_word' id='word_1_215' title='bbox 907 2476 1408 2547; x_wconf 80' lang='grc' dir='ltr'><em>μεταπεμψαμένων</em></span> <span class='ocrx_word' id='word_1_216' title='bbox 1458 2479 1486 2532; x_wconf 86' lang='grc' dir='ltr'>ὁ</span> <span class='ocrx_word' id='word_1_217' title='bbox 1534 2480 1789 2547; x_wconf 87' lang='grc' dir='ltr'><em>Σαμψὼν</em></span> 
     </span>
     <span class='ocr_line' id='line_1_29' title="bbox 99 2566 1789 2637; baseline 0 -18"><span class='ocrx_word' id='word_1_218' title='bbox 99 2569 178 2630; x_wconf 87' lang='grc' dir='ltr'><em>εἰς</em></span> <span class='ocrx_word' id='word_1_219' title='bbox 216 2569 275 2620; x_wconf 89' lang='grc' dir='ltr'><em>τὸ</em></span> <span class='ocrx_word' id='word_1_220' title='bbox 324 2569 658 2635; x_wconf 86' lang='grc' dir='ltr'><em>συμπόσιον,</em></span> <span class='ocrx_word' id='word_1_221' title='bbox 707 2567 852 2629; x_wconf 82' lang='grc' dir='ltr'><em>ὅπως</em></span> <span class='ocrx_word' id='word_1_222' title='bbox 899 2566 1267 2637; x_wconf 83' lang='grc' dir='ltr'><em>ἐνυβρίσωσιν</em></span> <span class='ocrx_word' id='word_1_223' title='bbox 1319 2566 1464 2637; x_wconf 77' lang='grc' dir='ltr'><em>αὐτῷ</em></span> <span class='ocrx_word' id='word_1_224' title='bbox 1506 2568 1652 2636; x_wconf 79' lang='grc' dir='ltr'><em>παρὰ</em></span> <span class='ocrx_word' id='word_1_225' title='bbox 1691 2569 1789 2620; x_wconf 89' lang='grc' dir='ltr'><em>τὸν</em></span> 
     </span>
     <span class='ocr_line' id='line_1_30' title="bbox 100 2651 1790 2725; baseline -0.001 -17"><span class='ocrx_word' id='word_1_226' title='bbox 100 2657 285 2708; x_wconf 91' lang='grc' dir='ltr'><em>πότον.</em></span> <span class='ocrx_word' id='word_1_227' title='bbox 363 2655 544 2722; x_wconf 78' lang='lat'><strong>&lt;315&gt;</strong></span> <span class='ocrx_word' id='word_1_228' title='bbox 586 2654 613 2707; x_wconf 92' lang='grc' dir='ltr'><em>ὃ</em></span> <span class='ocrx_word' id='word_1_229' title='bbox 649 2651 709 2706; x_wconf 73' lang='grc' dir='ltr'><em>δὲ</em></span> <span class='ocrx_word' id='word_1_230' title='bbox 743 2656 1057 2725; x_wconf 91' lang='grc' dir='ltr'><em>δεινότερον</em></span> <span class='ocrx_word' id='word_1_231' title='bbox 1096 2665 1205 2707; x_wconf 90' lang='grc' dir='ltr'><em>τῶν</em></span> <span class='ocrx_word' id='word_1_232' title='bbox 1245 2665 1428 2707; x_wconf 89' lang='grc' dir='ltr'><em>κακῶν</em></span> <span class='ocrx_word' id='word_1_233' title='bbox 1469 2655 1790 2724; x_wconf 76' lang='grc' dir='ltr'><em>ὑπολαμβά-</em></span> 
     </span>
     <span class='ocr_line' id='line_1_31' title="bbox 34 2742 1791 2814; baseline 0.001 -19"><span class='ocrx_word' id='word_1_234' title='bbox 34 2757 77 2790; x_wconf 83' lang='lat'><em>30</em></span> <span class='ocrx_word' id='word_1_235' title='bbox 100 2763 215 2796; x_wconf 89' lang='grc' dir='ltr'><em>νων</em></span> <span class='ocrx_word' id='word_1_236' title='bbox 247 2745 307 2796; x_wconf 90' lang='grc' dir='ltr'><em>τὸ</em></span> <span class='ocrx_word' id='word_1_237' title='bbox 333 2743 404 2810; x_wconf 90' lang='grc' dir='ltr'><em>μὴ</em></span> <span class='ocrx_word' id='word_1_238' title='bbox 432 2744 710 2795; x_wconf 84' lang='grc' dir='ltr'><em>δύνασθαι</em></span> <span class='ocrx_word' id='word_1_239' title='bbox 734 2743 1088 2812; x_wconf 79' lang='grc' dir='ltr'><em>ὑβριζόμενος</em></span> <span class='ocrx_word' id='word_1_240' title='bbox 1113 2742 1453 2812; x_wconf 76' lang='grc' dir='ltr'><em>ἀμύνασθαι,</em></span> <span class='ocrx_word' id='word_1_241' title='bbox 1486 2745 1583 2797; x_wconf 91' lang='grc' dir='ltr'><em>τὸν</em></span> <span class='ocrx_word' id='word_1_242' title='bbox 1608 2763 1791 2814; x_wconf 89' lang='grc' dir='ltr'><em>χειρα-</em></span> 
     </span>
     <span class='ocr_line' id='line_1_32' title="bbox 219 2842 820 2897; baseline 0.002 -10"><span class='ocrx_word' id='word_1_243' title='bbox 219 2848 242 2897; x_wconf 62' lang='lat' dir='ltr'>g</span> <span class='ocrx_word' id='word_1_244' title='bbox 275 2848 360 2887; x_wconf 83' lang='lat'><em>310</em></span> <span class='ocrx_word' id='word_1_245' title='bbox 387 2865 441 2879; x_wconf 92' lang='lat'>=</span> <span class='ocrx_word' id='word_1_246' title='bbox 466 2842 608 2887; x_wconf 81' lang='lat' dir='ltr'>Iudio.</span> <span class='ocrx_word' id='word_1_247' title='bbox 642 2843 748 2888; x_wconf 87' lang='lat' dir='ltr'><em>XVI</em></span> <span class='ocrx_word' id='word_1_248' title='bbox 779 2848 820 2888; x_wconf 85' lang='lat'><em>9.</em></span> 
     </span>
    </p>
   </div>
   <div class='ocr_carea' id='block_1_3' title="bbox 1823 2155 1876 2193">
    <p class='ocr_par' dir='ltr' id='par_1_3' title="bbox 1823 2155 1876 2193">
     <span class='ocr_line' id='line_1_33' title="bbox 1823 2155 1876 2193; baseline 0.019 -1"><span class='ocrx_word' id='word_1_249' title='bbox 1823 2155 1876 2193; x_wconf 81' lang='lat'><em>12</em></span> 
     </span>
    </p>
   </div>
  </div>
 </body>
</html>
