2052 3141
180 43 285 93 142
789 45 1239 87 ΑΡΧΑΙοΛοΓΙΑΣ

179 174 303 246 μηδ’
344 177 427 229 ὄτι
460 186 564 230 νῦν
596 184 850 244 πονοῦσι,
888 185 980 245 τῆς
1020 179 1266 239 διανοίας
1306 176 1590 246 ἐκβάλλειν
1630 180 1723 241 τὰς
1761 186 1858 232 τοῦ

174 271 312 318 θεοῦ
358 265 583 335 χάριτας
628 264 718 317 καὶ
757 264 991 333 δωρεάς,
1039 260 1116 318 ὧν
1165 265 1414 333 μεγάλων
1461 264 1549 318 καὶ
1590 265 1648 318 ἐκ
1686 284 1858 335 παρα-

176 353 341 417 δόξου
382 355 574 422 ἔτυχον
621 350 963 420 γενομένων,
1009 353 1324 421 προσδοκᾶν
1366 349 1424 404 δὲ
1464 351 1554 404 καὶ
1592 361 1685 421 τῆς
1722 371 1856 422 παρ-

175 442 341 509 ούσης
381 440 700 508 ἀπαλλαγὴν
740 439 1040 509 ἀμηχανίας
1087 439 1145 491 ἐκ
1184 448 1277 508 τῆς
1314 448 1412 492 τοῦ
1451 445 1589 493 θεοῦ
1628 442 1858 509 κηδεμο-

173 532 320 598 νιάς,
376 530 519 597 <15>
569 529 633 582 ὃν
683 530 825 590 εἰκὸς
873 528 1232 596 δοκιμάζοντα
1280 529 1380 595 τὴν
1421 527 1618 596 ἀρετὴν
1657 529 1858 597 αὐτῶν,

172 626 285 679 πῶς
323 637 377 669 τε
410 620 695 687 καρτερίας
727 619 911 685 ἔχουσι
947 615 1036 668 καὶ
1077 619 1289 684 μνήμης
1329 625 1436 668 τῶν
1476 616 1857 686 προϋπηργμέ-

172 725 305 773 νων,
346 707 396 757 εί
427 706 498 773 μὴ
531 706 666 773 πρὸς
700 703 879 756 ἐκεῖνα
918 707 1160 771 γίνοιντο
1203 705 1293 755 διὰ
1333 704 1395 755 τὰ
1438 703 1497 755 ἐν
1535 702 1663 757 ποσὶ
1702 705 1857 773 κακά,

173 793 465 861 γυμνάζειν
499 792 698 854 αὐτοὺς
729 801 841 853 τοϊς
879 792 1000 859 ἄρτι
1040 796 1313 861 χαλεποῖς·
1356 792 1494 858 <16>
1537 791 1854 861 ἐλέγχεσθαι

173 878 221 932 δ’
269 881 468 944 αὐτοὺς
509 881 609 934 οὐκ
649 880 894 948 ἀγαθοὺς
934 881 1060 933 οὔτε
1101 879 1223 949 περὶ
1263 881 1361 948 τὴν
1404 879 1688 948 ὑπομονὴν
1729 882 1853 933 οὔτε

171 967 296 1037 περὶ
346 971 445 1038 τὴν
499 971 717 1037 μνήμην
769 978 877 1020 τῶν
925 964 986 1020 εὗ
1038 971 1379 1035 γεγονότων,
1434 968 1574 1020 οὕτω
1616 965 1716 1036 μὲν
1756 978 1853 1022 τοῦ

171 1062 310 1109 θεοῦ
342 1056 432 1109 καὶ
464 1066 557 1126 τῆς
589 1056 801 1109 ἐκείνου
835 1058 1073 1124 γνώμης,
1114 1055 1238 1108 καθ’
1281 1056 1348 1123 ἣν
1382 1056 1724 1109 ἐκλελοίπασι
1756 1059 1854 1125 τὴν

172 1150 482 1212 Αἴγυπτον,
530 1153 1034 1213 καταφρονοῦντας,
1087 1145 1228 1197 οὕτω
1278 1141 1337 1195 δὲ
1376 1147 1511 1211 πρὸς
1551 1145 1718 1197 αὐτὸν
1758 1147 1852 1198 τὸν

172 1231 446 1300 ὑπηρέτην
486 1234 656 1286 αὐτοῦ
697 1231 1067 1299 διατεθέντας,
1109 1231 1198 1283 καὶ
1238 1239 1404 1283 ταῦτα
1445 1228 1616 1299 μηδὲν
1657 1233 1856 1295 αὐτοὺς

174 1321 617 1389 διαψευσάμενον
671 1319 794 1389 περὶ
850 1316 926 1372 ὧν
985 1325 1126 1372 εἴποι
1182 1340 1234 1371 τε
1292 1318 1380 1370 καὶ
1435 1320 1688 1386 πράττειν
1735 1319 1848 1373 κατ’

173 1408 399 1477 ἐντολὴν
440 1416 536 1460 τοῦ
575 1414 714 1461 θεοῦ
755 1409 1039 1460 κελεύσειε.
1120 1408 1261 1474 <17>
1303 1413 1630 1475 καταριθμεῖ
1666 1405 1709 1459 τ’
1756 1405 1857 1461 οὖν

171 1497 380 1563 πάντα,
434 1506 546 1559 πῶς
599 1516 653 1548 τε
705 1502 974 1565 φθαρεῖεν
1025 1497 1317 1562 Αἰγύπτιοι
1364 1494 1607 1564 κατέχειν
1658 1497 1855 1559 αὐτοὺς

170 1586 315 1651 παρὰ
356 1586 454 1652 τὴν
496 1593 592 1637 τοῦ
633 1590 770 1636 θεοῦ
814 1586 1035 1651 γνώμην
1079 1587 1407 1651 βιαζόμενοι,
1448 1582 1532 1635 καὶ
1577 1587 1697 1635 τίνα
1737 1588 1857 1652 τρό-

170 1691 275 1726 πον
309 1674 336 1726 ὁ
372 1673 532 1734 αὐτὸς
564 1675 802 1740 ποταμὸς
836 1671 1062 1733 ἐκείνοις
1097 1668 1195 1739 μὲν
1236 1664 1366 1739 αἷμα
1408 1668 1474 1739 ἧν
1514 1670 1598 1723 καὶ
1642 1673 1856 1740 ἄποτος,

172 1761 355 1823 αὐτοῖς
404 1758 462 1812 δὲ
509 1769 735 1828 πότιμος
781 1759 868 1812 καὶ
920 1761 1152 1827 γλυκύς,
1207 1762 1348 1826 <18>
1389 1770 1501 1821 πῶς
1541 1779 1593 1811 τε
1636 1761 1726 1811 διὰ
1768 1768 1858 1827 τῆς

169 1850 479 1917 θαλάττης,
537 1848 951 1917 ιἰναφευγούσης
1001 1848 1200 1909 αὐτοὺς
1248 1848 1608 1915 πορρωτάτω.
1656 1850 1851 1915 καινὴν

173 1937 305 1989 ὁδὸν
360 1937 696 2000 ἀπελθόντες
751 1937 884 2005 αὐτῇ
942 1938 1107 2005 ταύτῃ
1165 1939 1477 2002 σωθείησαν
1532 1933 1630 2002 μὲν
1682 1937 1855 1999 αὐτοί,

171 2027 297 2086 τοὺς
345 2023 392 2076 δ’
442 2025 677 2093 ἐχθροὺς
724 2025 966 2077 ἐπίδοιεν
1019 2024 1396 2086 ἀπολωλότας,
1449 2024 1529 2075 ὅτι
1572 2043 1623 2075 τε
1667 2027 1854 2075 σπανί-

173 2115 356 2176 ζοντας
405 2113 589 2164 ὅπλων
637 2115 713 2174 είς
759 2113 1022 2179 εὐπορίαν
1075 2113 1102 2165 ὁ
1151 2114 1281 2173 θεὸς
1320 2110 1404 2162 καὶ
1448 2112 1656 2163 τούτων
1698 2131 1854 2162 κατα-

172 2204 436 2268 στήσειεν,
479 2202 541 2252 τά
568 2199 609 2252 τ’
643 2202 779 2252 ἄλλα
806 2201 905 2252 ὅσα
930 2203 1064 2266 πρὸς
1097 2200 1240 2269 αὐτῷ
1271 2207 1340 2269 τῷ
1370 2201 1848 2266 διαφθαρήσεσθαι

172 2288 433 2350 δόξαντας
473 2287 757 2355 γεγονέναι
803 2287 886 2339 καὶ
931 2290 1158 2340 σώσειεν
1199 2288 1226 2339 ὁ
1270 2289 1397 2348 θεὸς
1439 2286 1495 2338 ἐκ
1535 2290 1848 2353 παραλόγου

171 2374 258 2426 καὶ
299 2376 370 2437 ὡς
404 2377 637 2443 δύναμις
677 2377 822 2446 αὐτῷ
854 2417 862 2426 .
891 2417 900 2427 .
929 2416 939 2426 .
983 2377 1124 2441 <19>
1168 2375 1566 2441 ἀπογινώσκειν
1607 2377 1673 2442 δὴ
1715 2372 1849 2442 μηδὲ

176 2471 276 2514 νῦν
325 2463 493 2515 αὐτοῦ
541 2465 639 2530 τὴν
686 2467 982 2529 πρόνοιαν,
1034 2460 1149 2513 ἀλλ’
1199 2461 1475 2528 ἀοργήτως
1524 2461 1853 2529 περιμένειν,

172 2549 553 2619 λογιζομένους
593 2549 691 2619 μὲν
724 2553 822 2617 τὴν
865 2550 1180 2616 ἐπικουρίαν
1226 2547 1361 2617 μηδὲ
1401 2552 1664 2617 βραδεῖαν
1706 2548 1851 2615 γενέ-

172 2644 323 2693 σθαι.
364 2641 413 2690 εί
451 2640 522 2706 μὴ
563 2643 886 2704 παραυτίκα.
925 2641 1054 2703 πρίν
1100 2657 1245 2697 τινος
1284 2643 1612 2703 πειραθῆναι
1655 2639 1849 2688 δυσκό-

171 2730 289 2786 λου,
329 2727 606 2792 πάρεστιν.
648 2724 985 2793 ἡγόιχιιείἰψς
1026 2722 1074 2775 δ’
1124 2725 1188 2776 οὐ
1230 2722 1342 2776 κατ’
1390 2725 1685 2790 ὀλιγωρίαν
1726 2722 1846 2790 με’λ-

289 2831 311 2876 ς’
349 2831 398 2867 14
428 2849 478 2861 z
511 2826 648 2868 Exod.
686 2826 783 2868 XVI
821 2832 858 2868 6.

1881 985 1923 1017 10

1884 1424 1925 1456 15

1879 1864 1921 1894 20

1878 2301 1919 2332 25

1874 2740 1889 2768 :3
1894 2739 1916 2769 Ο
