2052 3141
856 83 1129 128 TETAPTH
1724 83 1831 136 233

145 228 254 272 τῶν
286 219 532 279 ἅπαντες.
593 214 752 269 πέντε
787 215 834 269 δ’
874 215 1035 287 ἦσαν,
1059 218 1222 281 ’Ώεός
1262 238 1314 270 τε
1356 216 1446 270 καὶ
1478 216 1717 285 Σούρης,
1757 220 1835 271 ἔτι

147 303 207 358 δὲ
232 304 447 374 Ῥοβέης
477 324 532 358 τε
565 303 655 357 καὶ
684 307 884 374 Οὔρης,
923 306 1162 375 πέμπτος
1195 304 1255 359 δὲ
1280 305 1541 375 Ῥέκεμος,
1581 301 1648 358 οὗ
1680 309 1837 369 πόλις

148 393 434 462 ἐπώνυμος
487 395 548 447 τὸ
602 402 712 446 πᾶν
768 393 977 463 ἀξίωμα
1031 405 1125 464 τῆς
1165 394 1414 465 Ἀράβων
1469 396 1668 463 ἔχουσα
1720 403 1836 463 γῆς,

149 480 240 534 καὶ
279 480 435 552 μέχρι
467 489 573 534 νῦν
604 482 710 534 ὑπὸ
750 485 951 545 παντὸς
983 492 1080 536 τοῦ
1116 481 1374 553 Ἀραβίου
1414 491 1512 535 τοῦ
1552 485 1839 545 κτίσαντος

103 584 122 616 5
148 568 413 639 βασιλέως
458 570 702 638 τοῦνομα
735 569 952 640 Ῥεκέμη
1002 577 1271 640 καλεῖται,
1319 570 1504 640 Πέτρα
1555 567 1680 639 παρ’
1712 569 1838 623 ’Έλ-

149 663 273 727 λησι
329 657 612 726 λεγομένη.
691 659 871 727 <162>
921 659 1238 729 τραπέντων
1291 657 1350 712 δὲ
1402 669 1511 712 τῶν
1562 662 1840 727 πολεμίων

151 747 208 799 οἱ
235 744 481 816 Ἑβραῖοι
522 747 831 815 διήρπασαν
883 748 1064 800 αὐτῶν
1104 749 1204 816 τὴν
1243 750 1454 817 χώραν,
1500 745 1589 798 καὶ
1629 747 1841 814 πολλὴν

152 837 305 886 λείαν
346 836 606 902 λαβόντες
642 834 733 887 καὶ
780 838 908 897 τοὺς
956 838 1242 905 οἰκήτορας
1281 834 1534 904 γυναιξὶν
1574 837 1683 903 ἅμα
1725 837 1841 887 δια-

149 925 478 991 φθείραντες
539 925 710 990 μόνας
764 925 857 985 τὰς
917 924 1234 994 παρθένους
1295 924 1616 991 κατέλιπον,
1678 932 1841 977 τοῦτο

84 1025 125 1056 10
149 1007 423 1072 όΜωυσέος
464 1009 700 1081 Φινεέσῃ
748 1014 1137 1080 κελεύσαντος,
1200 1015 1381 1080 <163>
1422 1013 1479 1074 ὃς
1519 1009 1651 1079 ἧκεν
1692 1013 1843 1079 ἄγων

149 1100 245 1150 τὸν
285 1099 518 1167 στρατὸν
558 1097 745 1166 ἀπαθῆ
786 1098 876 1151 καὶ
917 1103 1069 1152 λείαν
1102 1101 1382 1168 ἄφθονον·
1425 1103 1558 1168 βοῦς
1598 1097 1698 1168 μὲν
1739 1101 1844 1169 γὰρ

151 1187 455 1255 δισχιλίους
492 1184 582 1237 καὶ
622 1191 1144 1257 πεντακισμυρίους,
1186 1190 1267 1250 ὄις
1309 1185 1368 1240 δὲ
1408 1191 1847 1258 πεντακισχιλίας

150 1276 286 1342 πρὸς
324 1273 586 1343 μυριάσιν
628 1272 759 1327 επτὰ
799 1274 890 1328 καὶ
931 1275 1209 1343 ἑξηκοντα,
1251 1278 1416 1338 όνους
1458 1273 1517 1328 δε
1559 1275 1847 1345 ἑξακισμυ-

152 1365 290 1431 ρίας,
328 1371 537 1431 χρυσοῦ
571 1359 631 1414 δε
663 1362 753 1415 καὶ
787 1363 1033 1433 ἀργύρου
1075 1366 1303 1434 άπειρόν
1344 1385 1394 1416 τι
1434 1369 1647 1433 πλῆθος
1687 1385 1846 1417 κατα-

87 1465 128 1497 15
153 1458 348 1518 σκευῆς
402 1445 436 1520 ᾗ
487 1448 604 1503 κατ’
653 1448 807 1504 οἶκον
860 1451 1120 1521 ἐχρῶντο·
1177 1453 1284 1506 ὑπὸ
1337 1473 1440 1521 γαρ
1494 1453 1849 1520 εὐδαιμονίας

152 1537 242 1591 καὶ
290 1537 631 1607 ἁβροδίαιτοι
681 1541 897 1608 σφόδρα
948 1539 1266 1609 ἐτύγχανον.
1343 1543 1597 1610 ἤχθησαν
1647 1537 1707 1592 δε
1758 1540 1848 1594 καὶ

155 1627 214 1678 αἱ
271 1626 544 1696 παρθένοι
598 1625 723 1696 περὶ
779 1629 1048 1697 δισχιλίας
1101 1627 1193 1681 καὶ
1248 1632 1587 1697 τρισμυρίας.
1666 1630 1849 1697 (164)

155 1717 402 1782 ,Μωυσῆς
435 1712 496 1767 δὲ
528 1719 752 1785 μερίσας
791 1717 890 1784 τὴν
931 1720 1083 1769 λείαν
1122 1726 1216 1785 τῆς
1256 1714 1357 1785 μὲν
1398 1715 1582 1787 ἑτέρας
1621 1719 1681 1770 τὸ
1722 1735 1849 1770 πεν-

156 1805 422 1870 τηκοστὸν
456 1801 756 1876 Ἐλεαζάρῳ
799 1806 995 1857 δίδωσι
1036 1804 1126 1857 καὶ
1167 1815 1279 1867 τοῖς
1322 1807 1552 1873 ἱερεῦσι,
1593 1808 1850 1868 Λευίταις

89 1907 132 1938 20
158 1888 217 1943 δὲ
256 1898 350 1958 τῆς
404 1890 586 1962 ἑτέρας
636 1894 696 1945 τὸ
743 1895 1112 1961 πεντηκοστὸν
1162 1892 1354 1962 μέρος,
1403 1895 1502 1960 τὴν
1551 1890 1611 1944 δὲ
1652 1895 1852 1962 λοιπὴν

158 1978 307 2047 νέμει
338 1987 412 2051 τῷ
439 1984 570 2051 λαῷ.
620 1979 711 2032 καὶ
737 1982 932 2049 διῆγον
957 1983 1018 2034 τὸ
1046 1983 1242 2034 λοιπὸν
1272 1982 1632 2048 εὐδαιμόνως,
1674 1981 1852 2050 ἀφθο-

158 2070 277 2129 νίας
316 2065 416 2136 μὲν
457 2067 686 2136 ἀγαθῶν
726 2070 912 2131 αὐτοῖς
955 2067 1047 2122 ὑπ’
1089 2069 1281 2139 ἀρετῆς
1321 2068 1705 2137 γεγενημένης,
1744 2070 1852 2123 ὑπὸ

160 2156 398 2223 μηδενὸς
422 2153 483 2209 δὲ
509 2163 846 2226 σκυθρωποῦ
871 2159 1070 2226 ταύτης
1095 2157 1396 2210 ἀπολαύειν
1422 2157 1854 2226 ἐμποδιζόμενοι.

271 2243 453 2310 <165>
483 2247 732 2312 Μωυσῆς
765 2243 825 2297 δὲ
858 2248 1085 2315 γηραιὸς
1114 2248 1220 2314 ἤδη
1262 2245 1549 2314 τυγχάνων
1591 2246 1854 2314 διάδοχον

100 2347 141 2378 25
169 2328 366 2384 ἑαυτοῦ
393 2328 608 2400 Ἰησοῦν
639 2336 966 2402 καθίστησιν
1001 2333 1093 2386 ε’πί
1119 2354 1176 2386 τε
1216 2343 1333 2395 ταῖς
1372 2337 1726 2402 προφητείαις
1764 2332 1855 2386 καὶ

165 2421 469 2486 στρατηγὸν
520 2425 575 2472 εἴ
617 2439 725 2473 που
775 2423 984 2489 δεήσειε
1038 2424 1442 2490 γενησόμενον,
1496 2423 1857 2485 κελεύσαντος

165 2505 254 2558 καὶ
308 2515 408 2560 τοῦ
461 2512 601 2561 θέοῦ
657 2510 833 2580 τούτῳ
881 2511 980 2578 τὴν
1028 2512 1367 2578 προστασίαν
1416 2509 1699 2578 ἐπιτρέψαι
1746 2521 1856 2564 τῶν

165 2595 513 2663 πραγμάτων.
591 2597 620 2650 ὁ
655 2594 715 2649 δὲ
743 2595 953 2665 Ἰησοῦς
983 2606 1165 2650 πᾶσαν
1200 2597 1554 2650 ἐπεπαίδευτο
1595 2600 1695 2666 τὴν
1734 2598 1858 2668 περὶ

169 2686 296 2746 τοὺς
345 2688 551 2752 νόμους
598 2687 852 2738 παιδείαν
900 2685 990 2738 καὶ
1035 2688 1096 2739 τὸ
1143 2691 1334 2753 θεῖον,
1392 2685 1665 2748 1Μωυσέος
1717 2685 1858 2739 ε’κδι-

100 2793 143 2824 30
168 2772 444 2837 δάξαντος.

289 2879 312 2927 ς
349 2879 430 2917 161
459 2895 514 2908 --
539 2873 677 2917 Num.
712 2874 861 2917 XXXI
895 2880 932 2918 8.
1027 2879 1050 2928 ς
1087 2880 1170 2918 165
1198 2896 1252 2911 =
1277 2874 1413 2917 Num.
1447 2874 1619 2917 XXVII
1657 2879 1722 2918 18.
