2052 3141
791 115 1066 157 AETTEPA
1665 111 1768 163 107

83 258 281 317 κακοῦ,
319 247 409 302 καὶ
448 256 547 301 τοῦ
585 257 833 317 ποταμοῦ
871 250 972 318 τὴν
1010 256 1115 317 γῆν
1156 248 1475 318 ἐπιβάντος,
1514 246 1603 300 καὶ
1644 247 1771 299 ταύ-

82 358 177 408 της
214 341 343 400 τοὺς
379 339 623 406 καρποὺς
661 336 926 406 ἀφθόνως
966 336 1328 407 ἐκφερούσης,
1375 338 1556 404 (192)
1595 336 1624 389 ὁ
1660 333 1771 388 Ἰώ-

84 442 254 496 σηπος
283 428 362 488 εἰς
393 424 624 494 ἑκάστην
655 429 1100 495 παραγενόμενος
1138 429 1320 494 πόλιν,
1358 424 1447 478 καὶ
1489 422 1771 492 συλλέγων

83 514 142 568 ἐν
180 515 368 577 αὐταῖς
403 517 465 568 τὸ
504 518 744 582 πλῆθος,
790 517 890 583 τήν
931 533 986 567 τε
1026 523 1132 583 γῆν
1172 515 1381 582 αὐτοῖς,
1433 514 1502 581 ἣν
1543 512 1769 565 ἐκείνων

36 620 56 653 5
81 604 559 672 παραχωρούντων
591 603 619 657 ὁ
653 606 910 671 βασιλεὺς
941 605 1085 673 ἔχειν
1126 602 1359 656 ἐδύνατο
1399 601 1490 655 καὶ
1530 609 1771 670 καρποῦ-

82 697 215 744 σθαι
249 695 433 761 μόνος,
473 694 550 754 εἰς
581 693 726 745 ἅπαν
758 691 1047 763 ἐχαρίζετο,
1086 690 1176 744 καὶ
1208 683 1398 760 κτῆμά
1424 692 1568 744 ἴδιον
1607 690 1769 758 ἡγου-

81 781 281 848 μένους
311 785 594 849 φιλεργεῖν
626 781 937 850 παρεκάλει,
976 782 1076 849 τὴν
1109 778 1356 849 πέμπτην
1395 789 1506 832 τῶν
1546 787 1770 848 καρπῶν

79 876 153 939 τῷ
188 872 405 937 βασιλεῖ
431 873 724 930 τελοῦντας
756 866 892 937 ὑπὲρ
925 877 1019 937 τῆς
1056 871 1252 938 χώρας,
1292 869 1361 936 ἣν
1402 870 1634 920 δίδωσιν
1675 866 1771 918 αὐ-

78 966 192 1019 τοῖς
215 952 390 1009 οὖσαν
414 956 599 1010 αὑτοῦ.
677 957 857 1025 <193>
882 960 1009 1019 τοὺς
1043 955 1103 1009 δὲ
1133 954 1259 1026 παρ’
1293 957 1514 1018 ἐλπίδας
1545 958 1772 1024 κυρίους

14 1062 55 1093 10
79 1054 172 1113 τῆς
219 1052 317 1113 γῆς
366 1044 805 1114 καθισταμένους
844 1046 981 1115 χαρά
1021 1065 1076 1097 τε
1134 1045 1438 1113 ἐλάμβανε,
1493 1043 1584 1096 καὶ
1642 1044 1770 1112 ὑφί-

81 1148 277 1186 σταντο
331 1134 396 1185 τὰ
450 1133 851 1202 προστάγματα.
928 1132 1019 1185 καὶ
1066 1135 1240 1205 τούτῳ
1281 1141 1354 1204 τῷ
1396 1134 1578 1204 τρόπω
1617 1134 1678 1184 τό
1718 1129 1762 1183 τ’

79 1221 287 1290 ἀξίωμα
332 1223 392 1274 τὸ
441 1223 586 1291 παρὰ
637 1230 750 1284 τοῖς
798 1224 1122 1289 Αἰγυπτίοις
1169 1222 1315 1293 αὑτῷ
1366 1224 1549 1290 μεῖζον
1583 1219 1769 1288 Ἰώση-

77 1327 178 1373 πος
216 1309 602 1379 ἀπεργάζεται,
648 1309 740 1362 καὶ
786 1314 954 1363 πλείω
996 1330 1056 1378 γε
1089 1313 1190 1379 τὴν
1230 1311 1456 1363 εὔνοιαν
1496 1317 1569 1380 τῷ
1613 1312 1767 1377 βασι-

78 1403 165 1451 λεῖ
206 1395 332 1467 παρ’
388 1397 583 1450 αὐτῶν.
663 1398 691 1450 ὅ
739 1417 793 1450 τε
841 1406 939 1451 τοῦ
994 1402 1169 1450 τελεῖν
1216 1400 1315 1466 τὴν
1362 1395 1609 1466 πέμπτην
1658 1407 1768 1449 τῶν

13 1504 54 1536 15
77 1496 302 1557 καρπῶν
333 1489 502 1555 νόμος
526 1488 710 1555 ,ε”μεινε
744 1485 832 1538 καὶ
867 1485 1021 1556 μέχρι
1061 1496 1170 1539 τῶν
1208 1486 1441 1555 ὕστερον
1481 1486 1770 1554 βασιλέων.

189 1576 370 1643 <194>
396 1572 651 1644 Ἰάκωβος
684 1573 744 1628 δὲ
778 1574 1232 1628 ἑπτακαιδέκατον
1265 1577 1381 1637 ἔτος
1414 1574 1473 1627 ἐν
1506 1576 1768 1646 Αἰγύπτῳ
1796 1577 1827 1629 8

78 1666 384 1733 διατρίψας,
422 1662 512 1716 καὶ
550 1667 698 1736 νόσῳ
739 1665 1097 1733 χρησάμενος,
1136 1666 1427 1733 παρόντων
1468 1663 1614 1735 αὐτῷ
1656 1672 1767 1715 τῶν

76 1753 216 1805 υἱῶν
255 1750 552 1820 ἀπέθανεν,
594 1751 955 1821 ἐπευξάμενος
993 1762 1107 1814 τοῖς
1146 1749 1247 1820 μὲν
1286 1760 1478 1820 κτῆσιν
1517 1751 1766 1819 ἀγαθῶν,

77 1839 168 1893 καὶ
206 1841 484 1910 προειπὼν
524 1840 708 1902 αὐτοῖς
738 1842 872 1893 κατὰ
904 1843 1243 1910 προφητείαν
1282 1850 1394 1903 πῶς
1434 1838 1618 1908 μέλλει
1658 1850 1768 1892 τῶν

11 1946 54 1978 20
79 1929 138 1982 ἐκ
168 1938 263 1998 τῆς
293 1937 483 1998 γενεᾶς
514 1929 696 1982 αὐτῶν
729 1929 951 1992 ἕκαστος
982 1938 1255 1982 κατοικεῖν
1294 1930 1395 1997 τὴν
1428 1930 1767 1997 Χαναναίαν,

77 2016 235 2072 τοῦθ’
305 2018 333 2071 ὃ
397 2019 464 2086 δὴ
526 2016 615 2070 καὶ
685 2022 909 2080 πολλοῖς
968 2018 1202 2086 ὕστερον
1255 2019 1477 2086 χρόνοις
1531 2015 1762 2084 ἐγένετο.

77 2107 260 2175 <195>
292 2103 558 2174 Ἰωσήπου
593 2103 642 2159 δ’
683 2106 953 2175 ἐγκώμιον
987 2105 1307 2173 διεξελθών,
1348 2104 1430 2157 ὅτι
1470 2106 1541 2173 μὴ
1575 2120 1769 2174 μνησι-

80 2197 329 2262 κακήσειε
362 2204 475 2257 τοῖς
511 2194 788 2263 ἀδελφοῖς,
828 2194 965 2247 ἀλλὰ
1004 2193 1095 2247 καὶ
1126 2195 1323 2247 τούτου
1348 2191 1517 2246 πλέον
1539 2197 1771 2263 χρηστὸς

78 2284 156 2345 εἰς
194 2283 395 2345 αὐτοὺς
441 2281 682 2350 ἐγένετο,
732 2285 1120 2353 δωρησάμενος
1166 2283 1365 2345 αὐτοὺς
1412 2281 1646 2349 ἀγαθοῖς
1687 2275 1769 2344 οἷς

13 2386 54 2418 25
79 2369 200 2425 οὐδ’
248 2370 531 2441 εὐεργέτας
568 2368 712 2434 τινὲς
750 2372 1078 2440 ἠμείψαντο,
1117 2369 1412 2441 προσέταξε
1452 2380 1564 2432 τοῖς
1606 2372 1768 2433 ι’δίοις

76 2458 266 2513 παισὶν
313 2460 405 2511 ἵνα
450 2461 579 2521 τοὺς
620 2457 887 2528 Ἰωσήπου
935 2462 1133 2522 παῖδας
1167 2457 1472 2528 Ἐφραίμην
1511 2457 1601 2511 καὶ
1640 2461 1766 2511 Μα-

77 2555 289 2617 νασσῆν
328 2548 405 2609 είς
443 2549 540 2600 τὸν
580 2547 762 2601 αὐτῶν
795 2548 1038 2617 ἀριθμὸν
1077 2557 1410 2617 προσῶνται,
1452 2548 1766 2617 διαιρούμε-

75 2657 164 2691 νοι
198 2633 311 2705 μετ’
351 2635 533 2688 αὐτῶν
564 2637 665 2704 τὴν
692 2639 1031 2706 Χαναναίαν,
1071 2634 1194 2706 περὶ
1228 2631 1305 2688 ὧν
1337 2636 1570 2705 ὕστερον
1610 2634 1767 2705 ἐροῦ-

78 2745 193 2794 μεν.
270 2724 452 2792 <196>
513 2722 668 2791 ἠξίου
739 2723 924 2792 μέντοι
992 2723 1083 2777 καὶ
1150 2732 1322 2793 ταφῆς
1393 2723 1452 2776 ἐν
1517 2727 1766 2794 Χεβρῶνι

12 2827 55 2859 30
78 2813 385 2883 τυγχάνειν.
462 2816 687 2883 τελευτᾷ
750 2809 810 2864 δὲ
872 2815 1029 2881 βιοὺς
1094 2815 1182 2881 ἔτη
1246 2813 1310 2864 τὰ
1364 2812 1540 2864 πάντα
1601 2822 1770 2881 τριῶν

200 2918 224 2967 ς
261 2918 342 2957 192
370 2934 424 2950 =
451 2911 561 2956 Gen.
598 2912 762 2956 XLVII
795 2917 864 2957 24.
