2052 3141
871 29 1136 68 HEMHTH
1744 22 1852 73 295

169 167 297 227 ὄψιν
339 163 525 216 ἐλθεῖν
564 161 763 231 τάνδρί
802 161 1022 229 (τοῦτον
1064 161 1166 227 γὰρ
1209 159 1441 227 μάλιστα
1482 166 1594 219 τοῖς
1633 176 1855 224 γεγενη-

168 252 351 320 μένοις
391 254 534 320 ἔχειν
573 250 807 311 ἀνιάτως
847 246 1140 317 ἐλογίζετο)
1190 254 1570 299 καταπεσοῦσα
1610 246 1709 312 τὴν
1752 253 1853 307 ψυ-

168 342 271 410 χὴν
309 340 553 410 ἀφίησιν.
630 340 811 406 <148>
851 338 879 391 ὁ
922 334 974 389 δ’
1022 336 1161 405 ἀνὴρ
1203 336 1367 403 αὐτῆς
1407 336 1658 403 οἰόμενος
1696 333 1852 405 ὕπνῳ

168 432 334 496 βαθεῖ
371 433 738 497 κατεσχῆσθαι
770 428 870 495 τὴν
902 435 1136 493 γυναῖκα
1175 422 1266 476 καὶ
1306 420 1478 491 μηδὲν
1520 423 1855 491 σκυθρωπὸν

125 532 144 563 5
170 517 560 586 ὑφορώμενος,
623 515 929 583 ἀνεγείρειν
1001 513 1284 581 ἐπειρᾶτο,
1345 514 1856 580 παραμυθήσασθαι

171 607 505 673 διεγνωκώς,
553 605 625 666 ὡς
674 605 775 657 οὐκ
826 603 878 666 ἐξ
922 601 1177 655 ἑκουσίου
1219 602 1437 669 γνώμης
1477 599 1649 667 αὑτὴν
1688 598 1859 668 παρά-

171 708 293 764 σχοι
343 704 456 755 τοῖς
505 695 946 761 καθυβρίσασιν,
1002 688 1121 743 ἀλλ’
1172 687 1570 759 ἁρπασαμένων
1622 686 1709 739 ἐπὶ
1759 688 1860 754 τὴν

171 782 356 846 ξενίαν
404 781 687 834 ἐλθόντων
735 780 930 832 αὐτῶν.
1008 780 1190 846 <149>
1232 779 1303 840 ὡς
1351 774 1410 829 δὲ
1460 778 1861 843 τελευτήσασαν

172 872 405 939 ἔμαθεν,
457 871 754 938 δυσφορῶν
801 870 936 937 πρὸς
974 869 1034 919 τὸ
1083 864 1316 935 μέγεθος
1361 875 1471 917 τῶν
1528 874 1711 916 κακῶν
1752 863 1863 915 ε’πι-

105 973 147 1004 10
169 957 405 1027 θέμενος
452 965 524 1028 τῷ
573 960 757 1025 κτήνει
805 957 1006 1024 νεκρὰν
1054 956 1153 1022 τὴν
1201 964 1433 1022 γυναῖκα
1484 956 1688 1021 κομίζει
1727 953 1863 1021 πρὸς

173 1047 362 1113 αὑτόν,
399 1044 489 1098 καὶ
531 1046 730 1097 διελὼν
771 1045 943 1112 αὐτὴν
984 1045 1117 1095 κατὰ
1158 1041 1319 1111 μέλος
1358 1045 1434 1103 εἰς
1474 1040 1608 1110 μέρη
1651 1042 1864 1092 δώδεκα

173 1133 472 1203 διέπεμψεν
513 1135 589 1196 εἰς
630 1132 862 1201 ἑκάστην
902 1135 1105 1201 φυλήν,
1148 1130 1523 1198 ἐντειλάμενος
1562 1138 1675 1190 τοῖς
1713 1131 1865 1195 κομί-

176 1226 327 1287 ζουσι
367 1221 545 1290 λέγειν
577 1224 706 1283 τοὺς
748 1224 955 1282 αι’τιόυς
994 1228 1087 1287 τῆς
1127 1224 1376 1286 τελευτῆς
1414 1226 1477 1287 τῇ
1519 1216 1738 1285 γυναικὶ
1778 1216 1867 1268 καὶ

175 1313 274 1380 τὴν
314 1314 608 1381 παροινίαν
650 1319 765 1371 ταῖς
804 1314 1018 1378 φυλαῖς.

110 1415 152 1446 15
286 1400 468 1467 <150>
508 1402 563 1451 οἳ
601 1395 654 1450 δ’
701 1398 808 1451 ὑπό
849 1417 903 1450 τε
945 1405 1037 1465 τῆς
1078 1399 1253 1460 ὄψεως
1291 1394 1380 1448 καὶ
1420 1403 1512 1462 τῆς
1553 1394 1716 1462 ἀκοῆς
1756 1404 1866 1446 τῶν
1900 1407 1924 1444 9

178 1486 558 1558 βεβιασμένων
591 1496 767 1548 κακῶς
803 1485 1165 1553 διατεθέντες,
1198 1488 1466 1554 πρότερον
1500 1484 1729 1544 οὐδενὸς
1760 1503 1869 1535 τοι-

180 1579 346 1631 ούτου
378 1587 572 1645 πεῖραν
605 1577 907 1644 εἰληφότες,
945 1572 1036 1626 ὑπ’
1069 1574 1234 1641 ὀργῆς
1267 1573 1503 1638 ἀκράτου
1537 1570 1625 1624 καὶ
1659 1573 1871 1632 δικαίας

179 1668 258 1728 εἰς
294 1666 394 1733 τὴν
427 1669 642 1717 Σιλοῦν
683 1662 1035 1732 συλλεγέντες
1065 1661 1155 1714 καὶ
1180 1664 1285 1730 πρὸ
1319 1669 1412 1728 τῆς
1445 1667 1646 1729 σκηνῆς
1678 1659 1871 1728 ἀθροι-

183 1753 409 1815 σθέντες
449 1756 525 1815 εἰς
558 1753 698 1805 ὅπλα
729 1762 928 1821 χωρεῖν
963 1751 1132 1813 εὐθὺς
1159 1752 1411 1819 ὥρμηντο
1438 1748 1527 1801 καὶ
1558 1752 1871 1818 χρήσασθαι

118 1857 160 1889 20
183 1853 298 1905 τοῖς
329 1845 640 1911 Γαβαηνοῖς
674 1841 746 1902 ὡς
783 1843 1078 1908 πολεμίοις.
1155 1840 1336 1906 <1ἷ>1>
1370 1836 1557 1907 ἐπέσχε
1593 1834 1640 1889 δ’
1674 1837 1872 1898 αὐτοὺς

180 1932 212 1999 ἡ
254 1933 543 2001 γερουσία,
589 1933 822 1982 πείσασα
874 1930 946 1997 μὴ
999 1929 1117 1980 δεῖν
1165 1926 1328 1990 ὀξέως
1375 1926 1517 1979 οὕτω
1569 1929 1704 1993 πρὸς
1742 1927 1872 1986 τοὺς

182 2021 500 2089 ὁμοφύλους
541 2016 790 2087 ἐκφέρειν
830 2020 1071 2085 πόλεμον
1112 2014 1242 2085 πρὶν
1283 2015 1314 2083 ἣ
1357 2017 1540 2082 λόγοις
1580 2015 1871 2082 διαλεχθῆ-

181 2128 273 2162 ναι
319 2105 445 2177 περὶ
490 2116 600 2159 τῶν
650 2106 1035 2175 ἐγκλημάτων,
1081 2112 1180 2157 τοῦ
1226 2106 1403 2171 νόμου
1445 2101 1568 2171 μηδ’
1618 2100 1704 2154 ἐπὶ
1743 2104 1872 2163 τοὺς

184 2196 506 2265 ἀλλοτρίους
539 2194 785 2263 ἐφιέντος
825 2196 949 2263 δίχα
988 2195 1278 2263 πρεσβείας
1317 2190 1405 2243 καὶ
1445 2191 1699 2258 τοιαύτης
1736 2192 1873 2258 πρὸς

116 2298 158 2330 25
184 2286 243 2337 τὸ
284 2291 614 2351 μετανοῆσαι
654 2286 843 2352 πείρας
893 2285 1020 2343 τοὺς
1061 2281 1323 2345 δόξαντας
1364 2279 1574 2332 ἀδικεῖν
1615 2279 1873 2347 στρατιὰν

185 2372 426 2439 ἀγαγεῖν.
503 2372 685 2438 <152>
731 2375 909 2431 καλῶς
957 2365 1059 2422 οὖν
1108 2372 1251 2438 ἔχειν
1299 2376 1371 2437 τῷ
1421 2370 1572 2439 νόμῳ
1613 2364 1872 2434 πειθομέ-

184 2480 319 2522 νους
364 2458 570 2527 πέμψαι
616 2461 751 2527 πρὸς
800 2461 929 2520 τοὺς
979 2460 1303 2526 Γαβαηνοὺς
1351 2455 1696 2519 ἐξαιτοῦντας
1745 2456 1874 2516 τοὺς

187 2550 424 2615 αἰτίους,
477 2546 567 2599 καὶ
617 2544 1006 2615 παρεχομένων
1057 2543 1157 2613 μὲν
1205 2545 1493 2615 ἀρκεῖσθαι
1547 2551 1610 2612 τῇ
1661 2544 1872 2595 τούτων

186 2637 428 2703 κολάσει,
467 2635 1005 2704 καταφρονησάντων
1040 2631 1100 2685 δὲ
1133 2636 1251 2686 τότε
1292 2643 1405 2695 τοῖς
1446 2633 1633 2693 ὅπλοις
1673 2631 1874 2692 αὐτοὺς

121 2740 164 2772 30
188 2725 521 2794 ἀμύνασθαι.
599 2724 780 2791 (153)
818 2721 1128 2791 πέμπουσιυ
1177 2718 1278 2775 οὖν
1318 2724 1453 2791 πρὸς
1493 2723 1619 2782 τοὺς
1659 2722 1710 2771 Γ
1706 2722 1874 2788 αβαη-

307 2829 330 2877 ξ
369 2829 450 2868 148
480 2847 535 2861 =
558 2824 702 2868 ludio.
735 2824 841 2867 XIX
873 2827 943 2867 28.
