2052 3141
813 80 1024 121 ΠΡῼΤΗ
1690 79 1760 131 63

74 215 358 282 βρώματος
397 211 680 281 γενομένη.
758 220 850 280 τῆς
885 211 933 264 δ’
975 213 1040 265 οὐ
1080 211 1429 281 πειθομένης,
1471 212 1762 282 ἀρκεῖσθαι

76 300 124 353 δ’
173 301 343 368 αὐτὴν
392 300 649 369 ἀξιούσης
697 301 779 353 ὅτι
827 308 920 368 τῆς
966 309 1122 369 τιμῆς
1161 301 1332 373 αὐτὴν
1375 300 1629 370 ἀφέλοιτο
1669 308 1765 368 τῆς

73 390 219 459 παρὰ
243 388 494 458 τάνδρός,
519 387 749 458 Ῥαχήλα
777 392 1118 442 πεπαίνουσα
1150 391 1246 442 τὸν
1280 392 1466 458 θυμὸν
1491 398 1583 457 τῆς
1607 389 1765 442 ἀδελ-

73 484 206 546 φῆς,
251 479 670 546 παραχωρήσειν
717 477 853 545 αὐτῇ
894 476 1130 544 τάνδρὸς
1170 480 1319 545 ἔλεγε
1361 476 1765 546 κοιμησομένου

30 563 200 633 5παρ’
256 565 391 635 αὐτῇ
440 563 553 617 κατ’
604 564 829 633 ἐκείνην
864 567 964 633 τὴν
1014 564 1264 633 ἑσπέραν.
1344 567 1523 633 <308>
1565 573 1658 632 τῆς
1706 563 1766 618 δὲ

75 652 437 722 προσιεμένης
467 655 567 722 τὴν
600 654 780 723 χάριν,
815 652 1070 723 Ἰάκωβος
1104 654 1473 722 συγκαθεύδει
1513 662 1576 723 τῇ
1610 658 1767 725 Λεία,

71 740 300 812 Ῥαχήλα
331 744 695 811 χαριζόμενος.
773 742 939 794 πάλιν
973 738 1076 795 οὖν
1107 746 1356 810 γίνονται
1388 744 1577 804 παῖδες
1610 743 1766 811 αὐτῇ,

68 829 374 898 Ἰσσάχαρις
421 827 554 897 μέν,
603 833 886 897 σημαίνων
934 833 1030 883 τὸν
1080 830 1137 883 ἐκ
1185 836 1393 899 μισθοῦ
1445 834 1766 899 γενόμενον,

78 918 381 985 Ζαβουλὼν
423 915 519 985 δέ,
566 916 1014 987 ἠνεχυρασμένον
1063 919 1253 990 εὐνοία
1293 927 1354 988 τῇ
1396 921 1532 988 πρὸς
1571 919 1764 987 αὐτήν·

7 1019 49 1050 10
73 1006 324 1074 θυγάτηρ
374 1002 434 1056 δὲ
481 1009 672 1057 Δεῖνα.
751 1009 971 1075 χρόνοις
1019 1004 1067 1057 δ’
1122 1007 1356 1076 ὕστερον
1405 1006 1494 1059 καὶ
1538 1006 1768 1079 Ῥαχήλᾳ

73 1097 280 1162 γίνεται
314 1094 342 1146 ὁ
370 1091 631 1162 Ἰώσηπος
662 1094 802 1156 υἱός·
844 1097 1171 1163 προσθήκην
1204 1094 1577 1164 γενησομένου
1619 1099 1766 1160 τινὸς

74 1183 247 1250 δηλοῖ

184 1271 362 1338 <309>
419 1279 616 1323 τοῦτον
674 1272 886 1323 ἅπαντα
932 1274 1028 1324 τὸν
1079 1275 1319 1341 χρόνον,
1371 1275 1459 1341 ἔτη
1511 1272 1559 1326 δ’
1617 1272 1764 1326 ἐστὶν
1796 1287 1822 1326 9

74 1364 302 1426 εἴκοσιν,
343 1357 623 1426 ἐποίμαινε
658 1366 730 1430 τῷ
765 1365 1033 1430 πενθερῷ.
1113 1362 1244 1428 μετὰ
1279 1359 1338 1413 δὲ
1371 1369 1568 1415 τοῦτον
1608 1362 1764 1430 ἠξίου

6 1460 48 1492 15
73 1448 167 1509 τὰς
221 1455 485 1514 γυναῖκας
547 1446 841 1515 ἀναλαβὼν
897 1446 1336 1501 ἀπαλλάττεσθαι
1390 1451 1524 1517 πρὸς
1581 1450 1762 1502 αὑτόν.

72 1543 172 1588 ’τοῦ
207 1532 267 1587 δὲ
293 1540 570 1600 πενθεροῦ
603 1536 674 1603 μὴ
712 1544 1129 1605 συγχωροῦντος
1161 1539 1344 1606 κρύφα
1384 1545 1763 1591 τοῦτο’ποιεῖν

73 1622 301 1676 ἐπενόει.
381 1623 559 1690 <310>
616 1632 726 1675 τῶν
784 1634 1064 1691 γυναικῶν
1120 1621 1222 1677 οὖν
1279 1625 1604 1695 ἀπεπειρᾶτο
1651 1637 1764 1690 πῶς

75 1714 251 1780 ἔχοιεν
298 1712 433 1781 πρὸς
478 1712 578 1779 τὴν
626 1711 952 1780 ἀποδημίαν.
1030 1722 1139 1765 τῶν
1190 1712 1238 1765 δ’
1287 1713 1531 1783 ἐχουσῶν
1570 1715 1762 1783 ἡδέως,

65 1797 292 1868 Ῥαχήλα
324 1797 413 1851 καὶ
438 1802 566 1862 τοὺς
590 1801 793 1862 τύπους
818 1811 925 1853 τῶν
950 1806 1119 1870 θεῶν,
1160 1802 1255 1863 οὓς
1289 1802 1469 1870 σέβειν
1502 1807 1763 1872 πατρίους

5 1901 48 1933 20
73 1889 233 1950 ὄντας
271 1890 508 1956 νόμιμον
548 1885 635 1956 ἦν,
677 1889 1083 1958 συνανελομένη
1119 1892 1590 1961 συναπεδίδρασκε
1631 1894 1763 1960 μετὰ

71 1983 163 2043 τῆς
203 1975 458 2046 ἀδελφῆς,
499 1977 638 2029 οἵτε
674 1975 946 2047 ἑκατέρων
985 1980 1175 2041 παῖδες
1215 1978 1302 2031 καὶ
1344 1980 1404 2031 αἱ
1437 1985 1762 2050 θεραπαινί-

72 2065 162 2126 δες
201 2067 318 2117 σὺν
345 2074 458 2127 τοῖς
488 2065 649 2133 υἱοῖς,
690 2071 745 2118 εἴ
777 2065 838 2118 τέ
872 2086 951 2129 τις
994 2065 1061 2135 ἧν
1102 2076 1286 2136 κτῆσις
1326 2069 1527 2131 αὐταῖς.
1582 2070 1762 2137 <311>

73 2151 298 2220 ἐπήγετο
357 2151 417 2205 δὲ
465 2151 720 2222 Ἰάκωβος
775 2153 864 2207 καὶ
919 2165 1027 2208 τῶν
1075 2158 1435 2225 βοσκημάτων
1491 2159 1589 2226 τὴν
1640 2158 1762 2226 ἡμίῑ

73 2254 259 2308 σειαν,
314 2242 579 2310 Λαβάνου
635 2244 706 2311 μὴ
761 2247 1186 2312 προεγνωκότος.
1266 2249 1392 2308 τοὺς
1444 2243 1503 2297 δὲ
1559 2247 1762 2307 τύπους

6 2342 48 2373 25
74 2337 183 2379 τῶν
222 2333 372 2381 θεῶν
424 2328 714 2399 ἐπεφέρετο
754 2330 787 2397 ἡ
820 2329 1074 2401 Ῥαχήλα,
1122 2343 1488 2402 καταφρονεῖν
1529 2330 1629 2401 μὲν
1668 2341 1795 2401 τῆς,

76 2417 331 2484 τοιαύτης
369 2424 524 2485 τιμῆς
574 2427 682 2470 τῶν
721 2423 871 2471 θεῶν
913 2420 1234 2483 διδάξαντος
1274 2422 1446 2489 αὐτὴν
1480 2418 1761 2489 Ἰακώβου,

72 2504 165 2555 ἵνα
214 2502 289 2572 δ’,
336 2506 387 2557 ει’
431 2509 837 2574 καταληφθεῖεν
884 2507 990 2560 ὑπὸ
1043 2517 1140 2561 τοῦ
1187 2512 1389 2577 πατρὸς
1428 2509 1593 2577 αὐτῆς
1633 2511 1760 2562 διω-

74 2590 318 2661 χθέντες,
359 2596 473 2663 ἔχοι
512 2595 725 2656 τούτοις
763 2605 1163 2665 προσφυγοῦσα
1202 2600 1527 2666 συγγνώμης
1565 2599 1760 2667 τυγχά-

70 2699 205 2732 νειν.
283 2683 461 2749 <812>
509 2683 766 2750 Λάβανος
817 2681 876 2735 δὲ
931 2683 1055 2752 μεθ’
1102 2684 1308 2755 ἡμέραν
1355 2689 1542 2756 τρίτην
1593 2690 1760 2754 γνοὺς
1795 2703 1848 2742 10

6 2782 49 2814 30
74 2770 175 2836 τήν
214 2788 269 2821 τε
305 2767 564 2838 Ἰακώβου
606 2769 956 2843 ἀναχώρησιν
988 2773 1077 2826 καὶ
1118 2783 1226 2826 τῶν
1266 2773 1609 2843 θυγατέρων,
1650 2776 1760 2827 δει-

195 2874 218 2923 ξ
252 2875 335 2914 307
364 2892 418 2906 =
444 2870 554 2914 Gen.
588 2871 715 2914 XXX
752 2878 817 2916 14.
