2052 3141
824 120 1088 160 HEMHTH
1697 113 1802 165 283

116 259 336 324 λίμνης,
382 258 741 324 καθήκουσαν
793 250 853 306 δὲ
892 251 1015 321 περὶ
1056 252 1356 321 Κάρμηλον
1396 248 1486 302 καὶ
1525 249 1806 301 θάλατταν

117 347 329 414 ἔλαχον.
390 343 533 411 <85>
567 345 667 411 τὴν
700 339 761 394 δὲ
793 341 898 394 ἀπὸ
931 348 1029 394 τοῦ
1057 343 1359 408 Καρμήλου
1385 339 1614 392 κοιλάδα
1638 351 1808 406 προσ-

115 429 523 502 αγορευομένην
575 431 667 482 διὰ
717 431 778 483 τὸ
830 427 920 481 καὶ
984 430 1246 496 τοιαύτην
1302 424 1474 494 εἶναι,
1530 423 1806 494 Ἀσηρῖται

113 519 376 590 φέρονται
407 527 608 587 πᾶσαν,
641 520 742 587 τὴν
776 516 862 570 ἐπὶ
896 518 1150 579 Σιδῶνος
1188 513 1578 584 τετραμμένην.
1635 512 1805 581 ’Ἀρκη

70 606 176 662 5δὲ
226 612 383 671 πόλις
431 608 675 677 ὑπῆρχεν
727 606 912 668 αὐτοῖς
953 605 1012 658 ἐν
1059 613 1122 674 τῇ
1171 606 1383 673 μερίδι,
1434 603 1466 670 ἢ
1508 600 1597 654 καὶ
1632 600 1807 653 Ἐκδί-

114 715 265 759 πους.
329 697 474 764 <86>
499 697 564 748 τὰ
598 693 658 748 δὲ
682 697 818 765 πρὸς
848 696 943 757 τὰς
975 693 1246 755 ἀνατολὰς
1276 689 1615 761 τετραμμένα
1648 688 1805 759 μέχρι

115 791 421 855 Δαμασκοῦ
467 788 676 848 πόλεως
721 783 811 837 καὶ
858 792 950 851 τῆς
999 785 1293 844 Γαλιλαίας
1338 781 1404 833 τὰ
1451 780 1808 844 καθύπερθεν

115 878 468 944 Νεφθαλῖται
518 873 862 943 παρέλαβον,
919 872 1018 933 ἕως
1064 880 1162 924 τοῦ
1202 870 1455 938 Λιβάνου
1505 870 1669 936 ὅρους
1718 865 1808 918 καὶ

115 972 225 1015 τῶν
257 971 355 1016 τοῦ
389 960 676 1031 Ἰορδάνου
708 971 920 1029 πηγῶν,
961 963 1019 1012 αἳ
1056 961 1155 1027 τὴν
1190 959 1366 1027 ὁρμὴν
1409 956 1466 1009 ἐκ
1505 965 1604 1008 τοῦ
1645 957 1810 1022 ὅρους

49 1069 91 1100 10
116 1053 302 1121 ἔχουσι
340 1052 566 1119 τούτου,
615 1052 960 1118 καθήκοντος
998 1058 1113 1110 τοῖς
1153 1048 1302 1116 ὅροις
1341 1046 1475 1097 κατὰ
1515 1045 1580 1096 τὰ
1620 1046 1809 1112 βόρεια

115 1143 324 1202 πόλεως
340 1138 542 1209 ’Ἁρκης
573 1139 957 1208 παροικούσης.
1031 1138 1174 1205 <87>
1209 1139 1444 1187 Δανῖται
1480 1130 1540 1185 δὲ
1572 1141 1666 1200 τῆς
1698 1136 1809 1184 κοί-

117 1233 213 1297 λης
264 1229 366 1282 ὅσα
415 1230 552 1297 πρὸς
599 1229 872 1296 δυόμενον
924 1224 1212 1295 τέτραπται
1259 1225 1355 1276 τὸν
1403 1223 1562 1290 ἥλιον
1612 1221 1811 1290 λαγχά-

116 1331 345 1386 νουσιν,
389 1316 598 1389 Ἀζώτῳ
649 1314 741 1390 καὶ
788 1317 1009 1384 Δώροις
1059 1314 1395 1383 ὁριζόμενοι,
1442 1308 1715 1378 Ἰάμνειάν
1755 1329 1809 1361 τε

116 1414 298 1459 πᾶσαν
346 1404 435 1458 καὶ
483 1403 718 1472 Γέτταν,
771 1401 859 1455 ἀπ’
902 1401 1210 1471 Ἀκάρωνος
1257 1400 1356 1462 ἕως
1403 1407 1502 1452 τοῦ
1551 1401 1716 1467 ὄρους
1757 1398 1808 1461 ἐξ

53 1511 94 1544 15
119 1491 186 1548 οὗ
225 1495 257 1563 ἡ
292 1493 476 1547 Ἰούδα
515 1489 682 1562 ἦρκτο
723 1494 887 1561 φυλή.

229 1584 371 1650 <88>
418 1581 509 1634 καὶ
561 1580 614 1644 ἓξ
657 1578 758 1649 μὲν
800 1583 938 1648 ε”θνη
980 1589 1090 1632 τῶν
1130 1576 1298 1630 υῐέων
1349 1585 1446 1629 τοῦ
1492 1578 1807 1628 Χαναναίου

117 1670 358 1742 φέροντα
408 1673 508 1740 τὴν
566 1669 882 1738 ἐπωνυμίαν
948 1670 1150 1720 διεῖλεν
1206 1667 1379 1728 οὕτως
1427 1662 1666 1733 Ἰησοῦς,
1721 1662 1807 1716 καὶ

116 1762 218 1829 τὴν
258 1768 362 1828 γῆν
402 1769 519 1822 ταῖς
566 1757 726 1812 ἐννέα
776 1756 867 1810 καὶ
913 1765 975 1826 τῇ
1018 1757 1236 1826 ἡμισείᾳ
1276 1759 1477 1824 φυλαῖς
1517 1755 1684 1806 ἔδωκε
1727 1751 1811 1805 νέ-

118 1854 343 1918 μεσθαι·
384 1849 528 1916 <89>
561 1849 662 1915 τὴν
695 1848 799 1915 γὰρ
835 1844 1131 1914 Ἀμορῖτιν,
1171 1842 1261 1896 καὶ
1294 1844 1466 1911 αὐτὴν
1500 1843 1671 1904 οὕτως
1711 1838 1803 1910 ἀφ’

52 1954 95 1986 20
120 1935 242 2000 ἑνὸς
273 1946 383 1990 τῶν
415 1939 733 1989 Χαναναίου
764 1936 978 1987 παίδων
1012 1931 1378 2000 καλουμένην,
1417 1934 1666 1997 *Μωυσῆς
1706 1931 1810 1997 ἤδη

117 2027 464 2096 προειληφὼς
494 2027 781 2094 νενεμήκει
813 2032 930 2085 ταῖς
964 2020 1091 2075 δυσὶ
1130 2025 1329 2090 φυλαῖς
1362 2018 1451 2072 καὶ
1491 2027 1564 2090 τῷ
1606 2019 1810 2086 ἡμίσει·

118 2121 278 2168 τοῦτο
321 2111 383 2167 δὲ
421 2112 512 2167 καὶ
550 2116 822 2183 πρότερον
863 2103 1266 2180 δεδηλώκαμεν.
1343 2109 1408 2161 τὰ
1450 2105 1510 2160 δὲ
1549 2110 1673 2176 περὶ
1714 2111 1812 2158 Σι-

120 2205 270 2256 δῶνα
315 2201 407 2255 καὶ
447 2200 804 2271 Ἀρουκαίους
850 2199 939 2253 καὶ
976 2198 1310 2269 Ἀμαθαίους
1356 2196 1446 2250 καὶ
1489 2195 1812 2265 Ἀραδαιόυς

119 2290 495 2360 ἀδιακόσμητα
534 2288 619 2359 ἦν.

54 2395 96 2428 25
232 2380 375 2447 (90)
410 2377 621 2448 Ἰησοῦς
647 2377 727 2447 δέ,
765 2385 863 2431 τοῦ
890 2381 1069 2446 γήρως
1093 2376 1476 2445 ἐμποδίζοντος
1508 2375 1613 2441 ἤδη
1647 2372 1813 2441 πράτ-

120 2488 235 2521 τειν
276 2467 378 2520 ὅσα
416 2465 507 2520 καὶ
553 2469 799 2535 νοήσειε,
846 2475 956 2518 τῶν
1003 2484 1058 2517 τε
1108 2462 1220 2532 μετ’
1269 2464 1437 2516 αὐτὸν
1477 2464 1577 2530 τὴν
1617 2461 1814 2529 ἡγεμο-

121 2559 249 2609 νίαν
310 2558 745 2626 παραλαβόντων
808 2553 1018 2622 ἀμελῶς
1078 2552 1436 2621 προστάντων
1494 2557 1594 2602 τοῦ
1655 2556 1812 2618 κοινῇ

123 2643 519 2714 συμφέροντος,
559 2646 887 2712 παρήγγειλε
921 2645 1068 2710 φυλῇ
1103 2638 1299 2710 ἑκάστῃ
1331 2646 1429 2692 τοῦ
1470 2635 1665 2706 γένους
1703 2646 1813 2689 τῶν

125 2735 458 2785 Χαναναίων
507 2728 678 2800 μηδὲν
728 2731 1048 2783 ὑπολείπειν
1090 2728 1150 2781 ἐν
1190 2736 1252 2797 τῇ
1293 2724 1812 2794 κατακεκληρωμένῃ

57 2837 102 2869 30
124 2829 192 2892 γῇ
233 2823 355 2890 (τὴν
395 2821 499 2889 γὰρ
547 2819 852 2889 ἀσφάλειαν
900 2818 1084 2879 αὐτοῖς
1130 2814 1220 2869 καὶ
1271 2817 1370 2883 τὴν
1411 2815 1663 2883 φυλακὴν
1703 2823 1813 2866 τῶν

244 2927 268 2976 ξ
302 2927 357 2966 85
385 2944 438 2957 =
463 2921 551 2965 Ios.
584 2920 689 2963 XIX
722 2925 790 2964 24.

1842 1589 1896 1627 23

1846 2385 1903 2424 24
