2052 3141
196 31 217 81 1
230 30 302 82 54
805 31 1256 71 ΑΡΧΑΙΟΛΟΓΙΑΣ

193 167 358 234 ὄρους
404 164 842 231 κατελάμβανον,
888 160 1117 231 ἠρμένοι
1166 173 1283 225 ταῖς
1323 164 1592 226 διανοίαις
1633 164 1705 226 ὡς
1744 165 1875 232 μετὰ

191 260 286 320 τῆς
340 252 659 319 ἐπαγγελίας
712 260 821 303 τῶν
872 249 1136 318 ἀγαθῶν,
1185 250 1255 318 ἣν
1301 251 1623 319 προύτεινεν
1671 252 1876 321 αὐτοῖς,

195 340 556 408 ἐπανήξοντος
601 337 874 401 Μωυσέος
926 339 1071 408 παρὰ
1118 347 1216 391 τοῦ
1269 344 1424 392 θεοῦ.
1501 340 1643 407 <78>
1691 338 1875 409 ἑορτά-

194 432 374 491 ζοντες
422 425 482 480 δὲ
528 430 625 480 τὸν
667 429 968 497 στρατηγὸν
1015 425 1366 495 περιέμενον,
1413 426 1738 494 ἁγνεύοντες
1775 430 1875 496 τήν

189 515 234 568 τ’
290 518 462 584 ἄλλην
518 515 742 583 ἁγνείαν
796 513 887 566 καὶ
942 514 1047 567 ἀπὸ
1101 518 1398 576 συνουσίας
1451 523 1544 582 τῆς
1597 525 1875 583 γυναικῶν

188 602 391 674 ἡμέρας
422 613 583 673 τρεῖς,
623 604 809 665 καθὼς
842 602 1048 664 ἐκεῖνος
1079 603 1264 664 αὐτοῖς
1295 612 1537 672 προεῖπε,
1576 603 1666 656 καὶ
1705 622 1876 673 παρα-

188 696 483 755 καλοῦντες
530 695 626 745 τὸν
666 694 803 744 θεὸν
843 691 1043 759 εὐμενῆ
1094 693 1445 759 συμβαλόντα
1475 693 1713 743 Μωυσεῖ
1749 693 1876 745 δοῦ-

187 801 280 832 ναι
314 782 528 850 δωρεὰν
558 778 654 849 ὑφ’
695 776 757 847 ἧς
790 775 850 832 εὐ
884 780 1193 847 βιώσονται.
1256 788 1372 841 ταῖς
1409 777 1452 831 τ’
1502 775 1604 832 οὗν
1646 781 1877 842 διαίταις

191 868 426 938 ἐχρῶντο
459 866 959 935 πολυτελεστέραις,
998 866 1088 919 καὶ
1120 875 1192 938 τῷ
1226 870 1411 940 κόσμῳ
1444 866 1695 934 γυναιξὶν
1735 869 1874 936 ὁμοῦ

187 976 242 1008 τε
281 955 372 1009 καὶ
411 956 620 1019 τέκνοις
660 956 936 1025 ἐκπρεπῶς
974 958 1227 1024 ἤσκηντο.

300 1046 441 1112 <79>
477 1043 563 1097 ἐπὶ
597 1046 697 1097 δύο
731 1041 831 1112 μὲν
864 1040 966 1096 οὗν
1005 1043 1207 1111 ἡμέρας
1246 1043 1614 1113 εὐωχούμενοι
1657 1045 1872 1110 διῆγον·

188 1141 250 1201 τῇ
291 1136 444 1203 τρίτῃ
486 1131 579 1200 δέ,
626 1131 756 1201 πρὶν
804 1132 836 1199 ἢ
890 1134 985 1184 τὸν
1025 1132 1183 1198 ἥλιον
1225 1131 1512 1200 ἀνασχεῖν,
1566 1131 1768 1200 νεφέλη
1809 1130 1866 1184 θ’

186 1220 472 1290 ὑπερίζανε
521 1229 618 1273 τοῦ
665 1222 867 1281 παντὸς
908 1217 1277 1286 στρατοπέδου
1318 1229 1426 1270 τῶν
1458 1217 1755 1287 (Εβραίων,
1807 1220 1873 1272 οὐ

187 1312 456 1377 πρότερον
496 1317 657 1361 τοῦτο
699 1309 932 1359 ἰδόντων
973 1310 1295 1374 γινόμενον,
1335 1306 1423 1358 καὶ
1464 1309 1523 1359 τὸ
1563 1310 1766 1375 χωριόν
1807 1304 1873 1361 οὗ

187 1399 281 1459 τὰς
336 1397 536 1465 σκηνὰς
590 1393 730 1463 ἦσαν
783 1393 1137 1462 πεποιημένοι
1184 1393 1537 1462 περιέγραφε·
1594 1396 1735 1461 <8Ο>
1784 1393 1873 1447 καὶ

187 1494 285 1538 τοῦ
325 1490 521 1537 λοιποῦ
571 1486 772 1545 παντὸς
813 1483 872 1535 ἐν
913 1485 1105 1554 αἰθρίᾳ
1145 1483 1538 1551 τυγχάνοντος,
1586 1484 1782 1550 ἄνεμοί
1817 1503 1872 1535 τε

189 1572 423 1642 σφοδροὶ
463 1573 670 1641 λάβρον
710 1580 992 1633 κινοῦντες
1038 1571 1200 1623 ὑετὸν
1240 1569 1556 1640 κατῄγιζον,
1604 1570 1878 1638 ἀστραπαί

186 1660 230 1714 τ’
270 1659 410 1730 ἦσαν
443 1659 674 1730 φοβεραὶ
707 1671 819 1722 τοῖς
852 1661 1075 1727 ὁρῶσιν,
1108 1658 1196 1711 καὶ
1230 1658 1485 1726 κεραυνοὶ
1518 1657 1873 1727 κατενεχθέν-

187 1770 272 1811 τες
335 1750 571 1817 ἐόήλουν
633 1750 731 1816 τὴν
787 1751 1093 1814 παρουσίαν
1149 1756 1245 1800 τοῦ
1299 1753 1438 1800 θεοῦ
1491 1740 1572 1808 οἷς
1626 1750 1873 1814 ΔΜωυσῆς

188 1841 389 1906 ἤθελεν
445 1837 709 1904 εὐμενοῦς
762 1839 1181 1904 παρατυχόντος.
1261 1837 1403 1901 <81>
1451 1833 1536 1886 καὶ
1594 1833 1713 1901 περὶ
1771 1832 1871 1902 μὲν

189 1928 399 1979 τούτων
440 1927 511 1987 ὡς
551 1927 805 1993 βούλεται
846 1927 1114 1992 φρονείτω
1155 1923 1375 1985 ἕκαστος
1414 1933 1521 1974 τῶν
1563 1922 1872 1991 ἐντευξομέ-

188 2035 328 2082 νων,
377 2012 495 2081 έμοὶ
538 2012 586 2066 δ’
635 2013 841 2080 ἀνάγκη
885 2021 1050 2064 ταῦτα
1093 2012 1328 2076 ἶστορεῖν
1368 2011 1616 2077 καθάπερ
1659 2010 1718 2062 εἰ)
1759 2021 1872 2073 ταῖς

191 2103 358 2168 ἱεραῖς
405 2105 616 2169 βίβλοις
662 2099 1078 2168 ἀναγέγραπται..
1158 2100 1283 2160 τούς
1331 2118 1387 2165 γε
1437 2100 1544 2165 μὴν
1584 2096 1872 2165 (Εβραιόυς

187 2190 251 2241 τά
297 2186 355 2241 θ’
403 2189 654 2256 ὁρώμενα
695 2187 781 2239 καὶ
832 2188 859 2240 ὁ
912 2197 1026 2248 ταῖς
1066 2185 1250 2247 ἀκοαῖς
1289 2186 1653 2252 προσβάλλων
1696 2190 1872 2254 ψόφος

189 2279 381 2339 δεινῶς
407 2277 715 2344 ἐτάραττεν·
759 2277 900 2342 <82>
925 2274 1117 2341 ἀήθεις
1149 2294 1202 2325 τε
1232 2275 1332 2340 γαρ
1371 2271 1505 2340 ἦσαν
1539 2274 1739 2340 αὐτῶν,
1779 2273 1866 2325 καὶ
1893 2310 1909 2320 .

189 2364 354 2433 ὁπερὶ
373 2373 470 2417 τοῦ
490 2366 653 2432 ὄρους
679 2363 1111 2430 διαπεφοιτηκὼς
1137 2365 1315 2428 λόγος,
1349 2362 1419 2423 ὡς
1445 2363 1520 2422 εἰς
1553 2361 1684 2413 αὐτὸ
1711 2370 1869 2414 τοῦτο

188 2462 490 2521 φοιτῶντος
528 2460 626 2504 τοῦ
665 2458 829 2511 θεοῦ,
879 2453 1094 2518 σφόδρα
1135 2452 1233 2517 τὴν
1275 2450 1527 2501 διάνοιαν
1568 2449 1748 2501 αὐτῶν
1789 2449 1870 2512 ἐξ·

189 2540 425 2608 έπληττε.
504 2550 752 2609 κατεῖχον
787 2538 834 2592 δ’
876 2540 1075 2599 αὐτοὺς
1116 2540 1250 2604 πρὸς
1290 2547 1403 2599 ταῖς
1443 2546 1665 2605 σκηναῖς
1703 2536 1870 2605 ἀχθό-

190 2648 364 2695 μενοι,
404 2627 490 2679 καὶ
533 2631 627 2679 τόν
661 2648 713 2679 τε
750 2631 1001 2694 ΑΜωυσῆν
1041 2624 1376 2678 ἀπολωλέναι
1426 2628 1731 2692 νομίζοντες
1772 2623 1862 2676 ὑπ’

190 2716 354 2782 ὀργῆς
400 2725 498 2768 τοῦ
544 2722 683 2769 θεοῦ
732 2715 816 2767 καὶ
859 2714 983 2782 περὶ
1024 2714 1204 2766 αὑτῶν
1246 2714 1404 2781 ὅμοια
1444 2714 1867 2778 προσδοκῶντες.

309 2821 332 2868 5
367 2821 420 2858 vs
450 2838 501 2851 =
528 2816 670 2859 Exod.
706 2815 809 2857 xlx
846 2822 910 2858 10.

1897 529 1918 561 5

1898 971 1939 1002 10

1899 1410 1938 1442 15

1897 1851 1938 1880 20

1894 2728 1937 2758 30
