1975 3111
878 73 1087 114 ΠΡΩΤΗ
1756 75 1776 122 1
1789 72 1822 122 5

137 212 398 279 φανερόν.
478 209 622 276 <66>
675 211 752 260 ἐτι
816 205 875 260 δὲ
934 211 1131 271 ζῶντος
1175 204 1414 275 Ἀδάμου
1471 207 1641 268 Κάϊος
1696 209 1824 269 τοὺς

139 297 399 365 ἐκγόνους
436 297 843 367 πονηροτάτους
884 296 1086 364 συνέβη
1127 295 1414 363 γενέσθαι,
1462 297 1596 347 κατὰ
1637 297 1823 347 διαδο-

135 388 239 456 χὴν
263 384 354 438 καὶ
379 389 608 454 μίμησιν
645 387 815 437 ἄλλον
843 386 1013 437 ἄλλου
1046 388 1268 454 χείρονα
1300 389 1655 436 τελευτῶντα·
1689 386 1826 451 πρός

135 494 189 527 τε
246 476 349 544 γὰρ
405 473 679 543 πολέμους
731 470 882 543 εἶχον
938 473 1180 541 ἀκρατῶς
1234 472 1323 525 καὶ
1378 475 1513 541 πρὸς
1568 475 1823 541 λῃστείαν

92 578 111 608 5
137 563 474 632 ὡρμήκεσαν.
538 563 678 624 ὅλως
711 560 760 614 δ’
805 567 965 624 εἴτις
998 562 1230 631 ὀκνηρὸς
1261 558 1331 629 ἧν
1363 563 1498 629 πρὸς
1530 563 1590 613 τὸ
1624 561 1823 629 φονεύ-

134 670 252 719 ειν,
307 649 425 703 ἀλλ’
473 647 575 704 οὗν
626 651 859 721 ἀπονοία
900 648 1002 718 (γ’)
1042 647 1113 718 ἦν
1159 651 1399 719 θρασύς,
1446 650 1685 719 ὑβρίζων
1734 647 1823 700 καὶ

132 744 490 792 πλεονεκτῶν.

282 828 423 895 <67>
470 827 706 896 Ἄδαμος
761 824 843 895 δ’,
900 828 927 880 ὁ
983 837 1197 896 πρῶτος
1253 827 1309 879 ἐκ
1371 836 1469 895 γῆς
1530 829 1880 894 γενόμενοςῗ»

136 914 377 985 (ἀπαιτεῖ
411 917 515 985 γὰρ
555 916 587 983 ἡ
630 917 880 985 διήγησις
920 919 1015 969 τὸν
1054 914 1176 985 περὶ
1219 917 1389 968 αὐτοῦ
1429 915 1640 983 λόγον),
1674 912 1823 983 Ἀβέ-

69 1024 110 1054 10
134 1009 235 1058 λου
275 1001 375 1072 μὲν
417 1003 784 1073 ἐσφαγμένου,
825 1005 996 1067 Κάϊος
1030 1001 1089 1056 δὲ
1124 1006 1214 1056 διὰ
1254 1007 1350 1057 τὸν
1392 1004 1604 1056 ἐκείνου
1644 1006 1823 1071 φόνον

132 1096 498 1162 πεφευγότος,
546 1095 896 1155 παιδοποιιάς
947 1093 1242 1162 ἐφρόντιζε.
1320 1091 1410 1145 καὶ
1459 1094 1639 1154 δεινὸς
1678 1088 1823 1160 εἶχεν

133 1182 302 1235 αὐτὸν
341 1181 604 1250 γενέσεως
644 1184 804 1252 ἔρως,
845 1185 935 1250 ε”τη
977 1179 1247 1250 τριάκοντ’
1294 1183 1399 1250 ἤδη
1441 1180 1530 1233 καὶ
1572 1183 1823 1233 διακόσια

132 1272 372 1338 ἠνυκότα
427 1279 525 1323 τοῦ
580 1273 740 1338 βίου,
802 1273 937 1339 πρὸς
986 1264 1066 1332 οἷς
1115 1270 1268 1339 ἕτερα
1319 1272 1478 1337 ζήσας
1530 1267 1822 1321 ἑπτακόσια

132 1364 370 1431 τελευτᾷ.
449 1359 592 1427 <68>
645 1362 892 1426 γίνονται
941 1356 1040 1427 μὲν
1089 1355 1191 1411 οὖν
1238 1360 1429 1420 παῖδες
1476 1359 1621 1429 αὐτῷ
1665 1359 1822 1410 ἄλλοι

68 1465 108 1496 15
132 1468 187 1500 τε
227 1451 450 1510 πλειόυς
488 1446 577 1500 καὶ
611 1451 827 1516 Σῆθος·
870 1447 1007 1500 ἀλλὰ
1046 1446 1169 1516 περὶ
1210 1445 1309 1515 μὲν
1348 1457 1460 1499 τῶν
1500 1448 1683 1498 ἄλλων
1723 1467 1822 1515 μα-

132 1539 267 1605 κρὸν
308 1536 377 1589 ἂν
417 1541 498 1605 εἴη
541 1536 747 1605 λέγειν,
793 1538 1119 1605 πειράσομαι
1168 1533 1228 1587 δὲ
1276 1538 1417 1604 μόνα
1464 1537 1529 1587 τὰ
1568 1545 1677 1587 τῶν
1717 1534 1822 1587 ἀπὸ

133 1627 332 1693 Σήθου
367 1627 626 1678 διελθεῖν.
690 1624 913 1695 τραφεὶς
945 1627 1048 1693 γὰρ
1083 1622 1242 1687 οὗτος
1280 1623 1370 1677 καὶ
1409 1625 1706 1693 παρελθὼν
1746 1625 1824 1685 εἰς

132 1713 350 1780 ἡλικίαν
391 1716 494 1782 ἤδη
536 1715 600 1766 τὰ
639 1716 777 1767 καλὰ
818 1718 1028 1783 κρίνειν
1074 1712 1416 1782 δυναμένην,
1465 1714 1663 1783 ἀρετὴν
1706 1712 1823 1765 ἐπε-

134 1803 396 1870 τήδευσε,
451 1801 542 1855 καὶ
595 1806 891 1871 γενόμενος
941 1803 1103 1865 αὐτὸς
1154 1804 1375 1872 ἄριστος
1426 1803 1658 1870 μιμητὰς
1712 1811 1822 1853 τῶν

68 1907 110 1938 20
135 1890 316 1942 αὐτῶν
355 1893 482 1953 τοὺς
520 1890 829 1959 ἀπογόνους
868 1890 1168 1944 κατέλιπεν.
1248 1892 1390 1958 <69>
1433 1887 1586 1944 οὗτοι
1627 1891 1822 1952 πάντες

133 1977 338 2046 ἀγαθοὶ
370 1980 570 2047 φύντες
602 1988 705 2048 γῆν
744 1999 799 2032 τε
840 1981 941 2048 τὴν
974 1980 1146 2047 αὐτὴν
1186 1978 1539 2032 ἀστασίαστοι
1578 1976 1820 2050 κατῴκη-

139 2082 242 2119 σαν
275 2067 788 2136 εὐδαιμονήσαντες,
819 2070 1053 2137 μηδενὸς
1082 2069 1268 2129 αὐτοῖς
1299 2069 1423 2137 ἄχρι
1456 2067 1545 2119 καὶ
1569 2071 1822 2134 τελευτῆς

135 2156 410 2209 δυσκόλου
450 2160 873 2226 προσπεσόντος,
915 2161 1117 2226 σοφίαν
1157 2177 1212 2209 τε
1252 2158 1352 2224 τὴν
1391 2155 1514 2225 περὶ
1553 2157 1617 2208 τὰ
1659 2156 1822 2224 οὐρά-

131 2265 224 2296 νια
256 2243 346 2296 καὶ
377 2246 478 2313 τὴν
510 2246 720 2297 τούτων
747 2247 1109 2314 διακόσμησιν
1144 2245 1461 2313 ἐπενόησαν.
1514 2246 1657 2312 <70>
1682 2241 1820 2313 ὑπὲρ

67 2347 109 2379 25
134 2329 194 2384 δὲ
234 2341 332 2385 τοῦ
385 2334 456 2401 μὴ
509 2334 801 2402 διαφυγεῖν
851 2336 979 2395 τοὺς
1029 2333 1360 2403 ἀνθρώπους
1406 2335 1470 2385 τὰ
1520 2332 1822 2403 ηὑρημένα,

134 2418 271 2489 μηδὲ
310 2420 442 2490 πρὶν
482 2423 560 2483 εἰς
598 2431 805 2489 γνῶσιν
846 2422 1033 2474 ἐλθεῖν
1073 2428 1385 2492 φθαρῆναι,
1432 2424 1821 2491 προειρηκότος

134 2508 448 2578 ἀφανισμὸν
481 2507 722 2578 Ἀδάμου
774 2520 882 2564 τῶν
930 2512 1074 2564 ὅλων
1115 2514 1370 2579 ἔσεσθαι,
1420 2513 1516 2564 τὸν
1555 2508 1655 2578 μὲν
1694 2508 1813 2562 κατ’

135 2599 294 2667 ἰσχὺν
319 2599 491 2665 πυρὸς
522 2600 617 2650 τὸν
651 2598 838 2667 ἕτερον
873 2596 931 2650 δὲ
964 2601 1096 2652 κατὰ
1129 2603 1256 2668 βίαν
1295 2598 1384 2651 καὶ
1423 2602 1648 2667 πληθὺν
1687 2599 1820 2651 ὕδα-

133 2705 242 2753 τος,
282 2689 481 2754 στήλας
513 2688 614 2739 δύο
647 2688 1026 2756 ποιησάμενοι,
1066 2690 1165 2756 τὴν
1199 2685 1297 2756 μὲν
1340 2687 1398 2739 ἐκ
1436 2691 1678 2740 πλίνθου
1719 2689 1819 2755 τὴν

68 2789 109 2820 30
135 2771 184 2826 δ’
218 2772 406 2843 ἑτέραν
432 2773 490 2827 ἐκ
515 2778 701 2843 λίθου,
741 2775 1072 2844 ἀμφοτέραις
1098 2776 1405 2845 ἐνέγραψαν
1431 2777 1495 2828 τὰ
1520 2775 1820 2845 ηὑρημένα,

253 2880 276 2927 ξ
311 2880 363 2918 67
391 2897 445 2912 =
473 2875 583 2918 Gen.
616 2875 680 2918 IV
713 2880 780 2919 25.
