1975 3111
828 67 1037 108 ΠΡΩΤΗ
1705 65 1772 117 13

86 199 203 255 ἀλλ’
263 200 385 271 οὐχὶ
435 209 549 263 τοῖς
601 198 721 253 κατ’
787 199 1036 253 ἐπίνοιαν
1089 200 1390 270 ἀνθρώπου
1441 198 1772 254 πλεονέκτου

85 289 176 343 καὶ
214 293 308 361 βίᾳ
346 291 670 358 πεφυκόσιν.
749 289 893 356 <55>
936 291 1101 341 ἔνθεν
1142 290 1170 342 ὁ
1212 290 1368 356 Κάῖς,
1407 286 1776 359 παροξυνθεὶς

87 377 174 432 ε’πὶ
205 385 279 449 τῷ
313 383 745 447 προτετιμῆσθαι
777 379 873 430 τὸν
900 375 1132 445 ’Ἀβελον
1163 377 1270 430 ὑπὸ
1303 386 1401 430 τοῦ
1439 383 1598 444 θεοῦ,
1637 379 1776 429 κτεί-

86 487 172 519 νει
210 468 308 519 τὸν
343 465 584 534 ἀδελφὸν
616 463 706 517 καὶ
738 467 835 518 τὸν
872 467 1070 534 νεκρὸν
1111 465 1281 518 αὐτοῦ
1321 467 1553 534 ποιήσας
1592 465 1775 534 ἀφανῆ

41 572 62 603 5
88 557 276 623 λήσειν
307 552 595 622 ὑπέλαβεν.
659 554 686 606 ὁ
729 551 789 606 δὲ
827 556 959 616 θεὸς
998 553 1181 615 συνεὶς
1212 550 1468 622 τοῦργον,
1507 550 1601 621 ἧκε
1642 555 1778 622 πρὸς

86 646 184 697 τὸν
224 643 369 695 Κάϊν
408 642 532 712 περὶ
571 641 848 711 τάδελφοῦ
888 645 1313 711 πυνθανόμενος
1351 651 1460 695 ποῦ
1499 639 1628 695 ποτε
1668 647 1775 709 εἴη·

86 736 307 785 πολλῶν
347 733 451 801 γὰρ
493 732 661 784 αὐτὸν
702 732 802 784 οὐκ
843 733 983 784 ι’δεῖν
1021 731 1266 800 ἡμερῶν,
1306 733 1402 783 τὸν
1443 733 1613 784 ἄλλον
1653 732 1777 800 χρό-

87 841 189 873 νον
222 822 434 872 ἅπαντα
467 816 578 887 μετ’
619 819 790 872 αὐτοῦ
823 818 1040 887 βλέπων
1074 820 1242 872 αὐτὸν
1276 818 1776 887 ἀναστρεφόμενον.

88 909 233 976 <56>
267 908 295 961 ὁ
330 904 391 960 δὲ
423 908 562 969 Κάῖς
601 907 979 976 ἀπορούμενος
1017 906 1108 959 καὶ
1149 908 1249 960 οὐκ
1288 909 1428 976 ἔχων
1470 908 1498 959 ὅ
1539 928 1589 959 τι
1629 906 1779 975 λέγοι

23 1014 64 1045 10
87 998 223 1067 πρὸς
271 998 368 1049 τὸν
417 998 586 1063 θεόν,
638 995 938 1065 ἀμηχανεῖν
986 993 1086 1063 μὲν
1136 994 1226 1047 καὶ
1274 996 1435 1057 αὐτὸς
1475 997 1675 1064 ἔφασκε
1716 998 1776 1048 τὸ

87 1095 304 1155 πρῶτον
358 1083 445 1138 ἐπὶ
491 1084 743 1155 τάδελφῷ
787 1086 858 1152 μὴ
906 1082 1257 1156 βλεπομένῳ,
1308 1083 1677 1152 παροξυνθεὶς
1719 1081 1779 1136 δὲ

88 1183 185 1227 τοῦ
224 1179 364 1226 θεοῦ
405 1178 645 1241 λιπαρῶς
678 1172 994 1240 ἐγκειμένου
1035 1171 1125 1224 καὶ
1164 1177 1779 1241 πολυπραγμονοῦντος,

89 1262 191 1316 οὐκ
229 1259 370 1314 εἶναι
409 1263 757 1329 παιδαγωγὸς
801 1258 932 1314 οὐδὲ
971 1260 1148 1331 φύλαξ
1191 1261 1362 1314 αὐτοῦ
1402 1260 1492 1313 καὶ
1531 1270 1641 1313 τῶν
1681 1259 1772 1313 ὑπ’

89 1351 260 1403 αὐτοῦ
284 1349 673 1419 πραττομένων
699 1352 901 1417 ἔλεγεν.
961 1350 1105 1416 <57>
1133 1350 1161 1402 ὁ
1190 1347 1249 1401 δὲ
1280 1352 1413 1412 θεὸς
1443 1349 1779 1403 τούντεῦθεν

24 1454 65 1486 15
89 1441 318 1509 ἤλεγχεν
349 1440 454 1507 ἤδη
488 1441 585 1491 τὸν
611 1440 754 1491 Κάϊν
795 1436 969 1508 φονέα
1007 1438 1285 1507 τάδελφοῦ
1325 1441 1648 1507 γενόμενον·
1690 1438 1781 1490 καὶ

90 1526 406 1595 ῗθαυμάζω’
464 1526 636 1595 φησὶν
700 1527 728 1580 ὁ
784 1528 916 1588 θεός
973 1526 1053 1578 ξεί
1115 1525 1239 1595 περὶ
1307 1525 1508 1595 ἀνδρὸς
1563 1525 1781 1597 ἀγνοεῖς

89 1617 262 1668 εἰπεῖν
313 1619 370 1668 τί
419 1615 673 1683 γέγονεν,
722 1615 785 1667 ὃν
834 1615 997 1676 αὐτὸς
1045 1614 1426 1677 ἀπολώλεκαςῖ
1507 1615 1649 1682 <58>
1689 1622 1783 1684 τῆς

90 1701 190 1772 μὲν
231 1700 334 1757 οὗν
382 1703 468 1756 ἐπὶ
515 1712 589 1775 τῷ
639 1707 794 1775 φόνῳ
834 1706 1095 1773 τιμωρίας
1133 1703 1302 1756 αὐτὸν
1342 1704 1520 1772 ἠφίει,
1573 1707 1782 1757 θυσίαν

90 1790 136 1844 τ’
184 1791 566 1845 ἐπιτελέσαντα
612 1791 703 1844 καὶ
752 1790 827 1844 δι’
875 1793 1041 1861 αὐτῆς
1090 1793 1438 1845 ἱκετεύσαντα
1477 1794 1550 1861 μὴ
1592 1796 1782 1861 λαβεῖν

26 1896 68 1928 20
93 1881 264 1950 ὀργὴν
291 1878 372 1933 ἐπ’
405 1881 550 1952 αὐτῷ
579 1878 979 1950 χαλεπωτέραν,
1013 1881 1283 1950 ε’πάρατον
1309 1879 1358 1932 δ’
1391 1881 1558 1934 αὐτὸν
1589 1880 1782 1949 ἐτίθει,

90 1968 182 2021 καὶ
214 1972 343 2031 τοὺς
376 1969 637 2037 ἐκγόνους
668 1969 840 2022 αὐτοῦ
870 1972 1279 2039 τιμωρήσεσθαι
1311 1972 1444 2022 κατὰ
1483 1971 1584 2038 τὴν
1626 1968 1781 2038 ἕβδό-

91 2077 199 2126 μην
261 2058 519 2126 ἠπείλησε
578 2059 804 2126 γενεάν,
869 2057 960 2110 καὶ
1023 2066 1117 2126 τῆς
1178 2067 1276 2126 γῆς
1338 2059 1508 2111 αὐτὸν
1572 2058 1782 2127 ἐκείνης

93 2145 343 2214 έκβάλλει
400 2149 504 2199 σὺν
550 2154 614 2216 τῇ
663 2150 899 2215 γυναικί.
978 2147 1123 2214 <59>
1168 2155 1266 2199 τοῦ
1322 2144 1381 2199 δὲ
1436 2149 1508 2215 μὴ
1559 2151 1782 2216 θηρίοις

94 2234 373 2303 ἀλώμενος
411 2234 674 2306 περιπέσῃ
727 2237 974 2297 δεδιότος
1012 2234 1102 2287 καὶ
1141 2244 1339 2288 τοῦτον
1380 2234 1645 2304 ἀπόληται
1684 2238 1781 2288 τὸν

30 2337 72 2369 25
95 2326 322 2392 τρόπον,
364 2323 576 2376 ἐκέλευε
610 2322 783 2392 μηδὲν
813 2325 1137 2393 ὑφορᾶσθαι
1163 2326 1500 2393 σκυθρωπὸν
1534 2324 1638 2377 ἀπὸ
1671 2343 1781 2376 τοι-

95 2413 261 2480 αύτης
301 2414 493 2479 αἰτίας,
518 2410 639 2464 ἀλλ’
672 2411 830 2465 ἕνεκα
854 2421 953 2465 τοῦ
986 2410 1158 2481 μηδὲν
1188 2413 1246 2465 ἐκ
1269 2415 1487 2482 θηρίων
1521 2413 1666 2484 αὐτῷ
1693 2433 1781 2481 γε-

93 2499 292 2554 νέσθαι
330 2503 515 2553 δεινὸν
549 2502 641 2552 διὰ
671 2501 847 2569 πάσης
872 2499 1269 2571 ἀδεῶςῗχωρεῖν
1286 2509 1404 2569 γῆς·
1438 2500 1528 2554 καὶ
1554 2510 1780 2569 σημεῖον

96 2588 391 2658 ἐπιβαλών,
430 2583 472 2661 ᾧ
514 2586 789 2658 γνώριμος
826 2589 896 2641 ἂν
936 2595 1040 2657 εἴη,
1079 2588 1409 2659 προσέταξεν
1449 2587 1682 2642 ἀπιέναι.

206 2677 351 2747 <6Ο>
391 2679 603 2745 πολλὴν
655 2675 704 2729 δ’
753 2677 1004 2730 ἐπελθὼν
1055 2686 1160 2747 γῆν
1217 2679 1459 2747 ἱδρύεται
1510 2679 1641 2746 μετὰ
1688 2685 1782 2746 τῆς

28 2779 71 2811 30
94 2768 354 2832 γυναικὸς
399 2766 538 2828 Κάϊς
578 2764 700 2836 (εἰς)
743 2768 956 2835 Ναΐδα,
1003 2770 1173 2820 τόπον
1222 2767 1363 2819 οὕτω
1414 2767 1779 2835 καλούμενον,
1815 2782 1838 2818 2

215 2870 238 2919 ἓ
272 2871 326 2910 55
353 2888 409 2902 =
433 2865 544 2909 Gen.
578 2866 642 2910 IV
674 2871 711 2909 9.
