1975 3111
861 84 1071 126 ΠΡΩΤΗ
1739 82 1808 132 41

124 237 223 286 μος
271 217 571 286 ἡσύχαζεν,
627 219 806 285 <200>
855 218 913 270 οἱ
957 215 1017 269 δὲ
1057 219 1280 285 ἄγγελοι
1327 215 1695 287 παρεγένοντο
1737 218 1814 278 εἰς

123 307 223 374 τὴν
266 314 375 358 τῶν
422 306 750 374 Σοδομιτῶν
796 308 994 373 πόλιν,
1048 304 1138 357 καὶ
1178 306 1206 359 ὁ
1247 309 1438 368 Λῶτος
1485 305 1686 367 αὐτοὺς
1727 303 1813 356 ἐπὶ

122 392 271 457 ξένια
308 393 622 463 παρεκάλει·
664 397 788 447 λιάν
821 395 924 463 γὰρ
957 391 1026 462 ἦν
1058 379 1188 463 περὶ
1222 397 1349 456 τοὺς
1389 392 1579 457 ξένους
1618 392 1814 461 φιλάν-

120 486 347 551 θρωπος
384 479 475 534 καὶ
515 483 746 551 μιμητὴς
784 490 877 550 τῆς
910 479 1187 551 Ἀβράμου
1228 486 1603 552 χρηστότητος.
1662 481 1719 534 οἱ
1755 478 1815 533 δὲ

78 589 98 622 5
123 571 427 638 Σοδομῖται
464 570 802 638 θεασάμενοι
850 572 978 632 τοὺς
1027 573 1352 633 νεανίσκους
1392 570 1684 641 εὐπρεπείᾳ
1723 576 1817 637 τῆς

123 661 300 722 ὄψεως
339 657 702 728 διαφέροντας
741 656 831 711 καὶ
881 659 1027 727 παρὰ
1066 660 1240 731 Λώτῳ
1282 657 1677 728 καταχθέντας,
1730 656 1817 710 ἐπὶ

123 751 251 815 βίαν
305 745 394 799 καὶ
447 747 614 816 ὕβριν
665 747 847 799 αὐτῶν
901 754 995 814 τῆς
1036 747 1179 815 ὥρας
1228 746 1552 816 ἐτράπησαν.
1633 747 1816 814 <201>

122 843 221 889 τοῦ
255 833 315 888 δὲ
347 837 545 888 Λώτου
576 843 980 905 παραινοῦντος
1021 845 1333 905 σωφρονεῖν
1374 834 1463 887 καὶ
1504 837 1575 904 μὴ
1616 843 1817 904 χωρεῖν

125 921 205 976 ἐπ’
260 925 492 994 αἰσχύνῃ
550 933 658 976 τῶν
714 921 920 991 ξένων,
975 922 1091 975 ἀλλ’
1148 926 1291 993 ἔχειν
1347 926 1482 976 αἰδῶ
1540 932 1632 991 τῆς
1686 921 1810 992 παρ’

59 1031 100 1063 10
124 1013 268 1084 αὐτῷ
310 1019 656 1080 καταγωγῆς,
697 1014 748 1064 εἰ
789 1010 837 1064 δ’
887 1014 1107 1081 ε”χουσιν
1149 1012 1411 1080 ἀκρατῶς,
1452 1014 1545 1074 τὰς
1584 1010 1818 1079 θυγατέ-

125 1121 223 1169 ρας
255 1100 426 1153 αὐτοῦ
457 1097 595 1169 ὑπὲρ
631 1099 857 1153 ἐκείνων
890 1109 1009 1162 ταῖς
1049 1100 1367 1168 ἐπιθυμίαις
1407 1100 1590 1152 αὐτῶν
1631 1099 1819 1167 λέγον-

124 1209 216 1253 τος
245 1188 519 1258 παρέξειν,
553 1187 671 1242 οὐδ’
706 1189 880 1251 οὕτως
913 1187 1248 1258 ᾐδέσθησαν.
1314 1189 1495 1257 <202>
1531 1189 1558 1241 ὁ
1596 1186 1656 1240 δὲ
1688 1190 1820 1250 θεὸς
1851 1199 1878 1237 4

126 1278 505 1346 ἀγανακτήσας
530 1277 712 1329 αὐτῶν
739 1276 826 1329 ἐπὶ
852 1286 965 1340 τοῖς
988 1280 1313 1346 τολμήμασι,
1354 1279 1480 1339 τοὺς
1514 1274 1614 1345 μὲν
1647 1277 1819 1345 ἠμαύ-

128 1381 305 1436 ρωσεν
347 1366 419 1427 ὡς
458 1366 529 1433 μὴ
573 1367 887 1433 δυνηθῆναι
936 1367 1034 1433 τὴν
1083 1367 1304 1418 εἴσοδον
1346 1367 1443 1433 τὴν
1485 1367 1561 1427 εἰς
1600 1367 1700 1433 τὴν
1742 1367 1818 1418 οἰ-

61 1474 102 1507 15
126 1458 252 1508 κιάν
276 1454 479 1523 εὑρεῖν,
506 1456 831 1522 Σοδομιτῶν
858 1451 917 1506 δὲ
943 1453 1221 1523 κατέκρινε
1247 1455 1538 1522 πάνδημον
1565 1456 1819 1522 ὄλεθρον.

127 1548 318 1606 Λῶτος
366 1540 455 1609 δέ,
507 1550 604 1594 τοῦ
655 1548 794 1595 θεοῦ
843 1543 941 1610 τὴν
990 1541 1301 1610 μέλλουσαν
1344 1552 1450 1595 τῶν
1492 1544 1819 1611 Σοδομιτῶν

128 1631 403 1684 ἀπώλειαν
459 1631 604 1702 αὐτῷ
662 1631 999 1700 φράσαντος,
1052 1630 1448 1698 ἀπηλλάττετο,
1488 1633 1588 1698 τήν
1628 1650 1684 1683 τε
1726 1650 1821 1698 γυ-

128 1730 289 1773 ναῖκα
328 1718 417 1772 καὶ
458 1720 552 1781 τὰς
597 1718 907 1788 θυγατέρας
961 1718 1086 1789 (δύο
1129 1718 1177 1771 δ’
1226 1716 1365 1787 ἦσαν
1407 1721 1484 1771 ἔτι
1523 1717 1818 1788 παρθένοι)

128 1810 446 1877 ἀναλαβών·
485 1809 542 1861 οἱ
578 1810 681 1877 γὰρ
731 1816 1036 1878 μνηστῆρες
1075 1809 1534 1877 ὑπερεφρόνησαν
1574 1817 1668 1876 τῆς
1707 1807 1822 1871 ἐξό-

62 1916 104 1947 20
130 1901 252 1967 δου,
292 1898 555 1966 εὐήθειαν
589 1896 976 1960 ἐπικαλοῦντες
1007 1888 1119 1959 τοῖς
1159 1897 1265 1950 ὑπὸ
1307 1905 1405 1950 τοῦ
1430 1898 1627 1949 Λώτου
1669 1901 1822 1964 λεγο-

130 1985 328 2056 μένοις.
408 1986 589 2054 <203>
631 1983 721 2037 καὶ
777 1986 805 2038 ὁ
857 1987 990 2048 θεὸς
1042 1985 1329 2053 ἐνσκήπτει
1385 1983 1544 2053 βέλος
1594 1987 1671 2047 εἰς
1721 1987 1822 2053 τὴν

129 2078 327 2143 πόλιν,
377 2072 467 2126 καὶ
515 2076 620 2127 σὺν
666 2083 780 2136 τοῖς
827 2075 1107 2143 οἰκήτορσι
1146 2077 1522 2142 κατεπίμπρη,
1569 2075 1669 2142 τὴν
1718 2082 1821 2141 γῆν

131 2164 293 2234 ὁμοίᾳ
331 2164 574 2233 πυρώσει
625 2161 933 2230 ἀφανίζων,
990 2163 1061 2224 ὥς
1102 2182 1193 2230 μοι
1234 2160 1324 2214 καὶ
1365 2164 1636 2230 πρότερον
1677 2160 1822 2214 λέλε-

131 2272 251 2304 κται
283 2254 380 2305 τὸν
407 2249 714 2304 Ἰουδαϊκὸν
747 2250 1126 2321 ἀναγράφοντι
1159 2254 1415 2319 πόλεμον.
1479 2250 1511 2317 ἡ
1539 2246 1599 2302 δὲ
1624 2250 1822 2302 Λώτου

66 2355 107 2388 25
133 2328 274 2408 γυνὴ
330 2341 475 2408 παρὰ
529 2340 630 2407 τὴν
687 2339 1036 2409 ἀναχώρησιν
1092 2342 1169 2402 είς
1215 2341 1315 2407 τὴν
1370 2342 1533 2392 πόλιν
1584 2348 1824 2407 συνεχῶς

133 2426 582 2497 ἀναστρεφομένη
630 2426 721 2480 καὶ
766 2432 1307 2497 πολυπραγμονοῦσα
1353 2428 1417 2479 τὰ
1468 2425 1591 2495 περὶ
1632 2426 1822 2493 αὐτήν,

134 2516 573 2585 ἀπηγορευκότος
611 2524 710 2568 τοῦ
748 2521 889 2569 θεοῦ
932 2525 1093 2569 τοῦτο
1134 2518 1206 2585 μὴ
1247 2525 1455 2583 ποιεῖν,
1503 2517 1579 2577 εἰς
1619 2517 1826 2582 στήλην.

136 2605 285 2659 ἁλῶν
325 2603 633 2673 μετέβαλεν.
714 2605 975 2674 ἱστόρησα
1008 2602 1057 2657 δ’
1090 2605 1283 2672 αὐτήν·
1327 2605 1404 2655 ἔτι
1444 2604 1547 2672 γὰρ
1586 2601 1678 2655 καὶ
1717 2611 1823 2655 νῦν

138 2691 398 2762 διαμένει.
478 2693 658 2761 <204>
702 2694 988 2762 διαφεύγει
1030 2690 1079 2745 δ’
1127 2693 1290 2754 αὐτὸς
1330 2693 1461 2760 μετὰ
1500 2700 1610 2744 τῶν
1649 2697 1824 2759 θυγα-

72 2797 114 2828 30
137 2779 311 2851 τέρων
352 2783 428 2844 εἰς
466 2782 642 2850 βραχύ
681 2801 732 2834 τι
773 2784 976 2851 χωρίον
1016 2782 1301 2850 κατασχὼν
1340 2777 1678 2849 περιγραφὲν
1717 2779 1824 2831 ὑπὸ

257 2886 281 2935 ἓ
314 2887 400 2925 200
426 2903 482 2918 =
507 2881 618 2926 Gen.
643 2882 750 2926 XIX
779 2889 817 2928 1.
