2052 3141
872 88 1145 129 AETTEPA
1742 90 1768 139 1
1782 90 1807 139 1
1816 89 1848 141 9

0 242 127 259 tf*
162 225 290 290 γιάν
331 223 431 288 (εἰς
475 231 658 291 χεῖρας
703 223 807 290 γὰρ
857 221 957 274 οὐκ
1006 220 1250 290 ἐτόλμων
1297 221 1543 274 ἀπαντᾶν
1590 223 1649 274 οἱ
1688 222 1851 275 πολέ-

166 308 302 378 μιοι)
351 307 615 378 συνέτυχέ
657 328 706 361 τι
756 317 1023 363 τοιοῦτον.
1113 310 1294 379 <252>
1344 311 1551 378 Θάρβις
1596 312 1848 382 θυγάτηρ

166 395 234 466 ἦν
280 406 378 450 τοῦ
424 399 720 450 Αἰθιόπων
766 395 1052 465 βασιλέως·
1102 397 1237 465 αὕτη
1285 400 1382 450 τὸν
1422 402 1676 466 [Μωυσῆν
1715 405 1850 468 πλη-

167 489 288 539 σιόν
326 494 440 547 τοῖς
477 488 675 554 τείχεσι
725 486 1074 555 προσάγοντα
1113 487 1214 554 τὴν
1255 488 1513 555 στρατιὰν
1554 486 1645 539 καὶ
1684 491 1849 557 μαχό-

121 586 333 642 ὃμενον
383 576 650 641 γενναίως
701 572 1124 641 ἀποσκοποῦσα,
1179 572 1270 626 καὶ
1317 582 1410 642 τῆς
1458 574 1701 638 ἐπινοίας
1739 586 1848 628 τῶν

165 661 525 731 ἐγχειρήσεων
548 662 928 730 θαυμάζουσα,
953 660 1042 714 καὶ
1074 670 1187 724 τοῖς
1218 659 1263 714 τ’
1296 664 1621 730 Αἰγυπτίοις
1652 669 1849 732 αἴτιον,

164 749 541 817 ἀπεγνωκόσιν
581 751 686 817 ἤδη
727 751 827 818 τὴν
867 749 1210 819 ἐλευθερίαν,
1249 757 1342 818 τῆς
1381 750 1677 820 εὐπραγίας
1715 752 1850 805 ὑπο-

163 838 523 905 λαμβάνουσα
555 836 645 889 καὶ
677 847 790 900 τοῖς
822 839 1116 907 Αἰθίοψιν,
1157 838 1424 907 αὐχοῦσιν
1458 837 1545 891 ἐπὶ
1576 849 1689 901 τοῖς
1727 838 1842 892 κατ’

163 926 345 978 αὐτῶν
385 925 870 995 κατωρθωμένοις,
917 936 1014 979 τοῦ
1054 925 1178 996 περὶ
1224 936 1335 979 τῶν
1377 927 1522 979 ὅλων
1561 929 1849 996 κινδύνου,

98 1027 139 1058 10
164 1015 240 1076 εἰς
280 1015 453 1083 ἔρωτα
505 1015 693 1068 δεινὸν
742 1016 985 1067 ὤλισθεν
1033 1015 1218 1067 αὐτοῦ.
1295 1014 1385 1067 καὶ
1424 1019 1713 1085 περιόντος
1752 1025 1850 1070 τοῦ

159 1102 375 1164 πάθους
421 1101 618 1170 πέμπει
664 1104 800 1171 πρὸς
849 1103 1017 1156 αὐτὸν
1064 1112 1174 1155 τῶν
1222 1105 1448 1156 οἰκετῶν
1495 1105 1625 1165 τοὺς
1664 1118 1851 1157 πιστο-

159 1190 371 1259 τάτους,
405 1190 764 1259 διαλεγομένη
790 1190 914 1260 περὶ
939 1191 1133 1260 γάμου.
1197 1192 1376 1259 <253>
1401 1191 1849 1261 προσδεξαμένου

162 1275 222 1330 δὲ
253 1280 349 1331 τὸν
382 1282 550 1346 λόγον
583 1278 670 1331 ἐπὶ
703 1287 775 1351 τῷ
818 1281 1165 1349 παραδοῦναι
1204 1281 1303 1347 τὴν
1343 1282 1526 1347 πόλιν,
1564 1279 1653 1332 καὶ
1694 1299 1850 1350 ποιη-

163 1365 404 1434 σαμένου
443 1371 650 1430 πίστεις
691 1367 954 1437 ἐνόρκους
994 1364 1026 1436 ἦ
1067 1370 1175 1436 μὴν
1216 1368 1446 1431 ἄξεσθαι
1487 1379 1720 1435 γυναῖκα
1760 1368 1850 1422 καὶ

95 1468 136 1500 15
160 1458 504 1524 κρατήσαντα
552 1463 645 1524 τῆς
682 1459 890 1518 πόλεως
931 1458 1002 1525 μὴ
1043 1458 1464 1525 παραβήσεσθαι
1504 1458 1598 1519 τὰς
1639 1460 1849 1526 συνθή-

159 1563 280 1610 κας,
330 1539 815 1612 φθάνει’τοῦργον
854 1547 982 1607 τοὺς
1021 1547 1234 1612 λόγους.
1312 1542 1401 1596 καὶ
1443 1546 1574 1612 μετὰ
1614 1547 1714 1614 τὴν
1755 1546 1850 1598 ἀν-

159 1634 370 1700 αίρεσιν
403 1640 512 1683 τῶν
545 1633 838 1684 Αἰθιόπων
871 1632 1262 1702 εὐχαριστήσας
1300 1640 1374 1704 τῷ
1415 1638 1530 1704 θεῷ
1574 1633 1850 1686 συνετέλει

158 1722 255 1773 τὸν
295 1721 472 1789 γάμον
513 1721 541 1774 ὁ
581 1724 855 1790 Μωυσῆς,
893 1720 984 1774 καὶ
1022 1724 1149 1784 τοὺς
1189 1723 1528 1789 Αἰγυπτίους
1568 1722 1848 1790 ἀπήγαγεν

159 1810 236 1871 εἰς
274 1810 374 1876 τὴν
416 1806 624 1860 ἑαυτῶν
664 1817 782 1876 γῆν.

92 1909 135 1941 20
269 1897 450 1965 <254>
493 1899 565 1949 Οἳ
603 1894 652 1948 δ’
700 1896 753 1960 ἐξ
797 1892 874 1950 ὧν
915 1897 1179 1962 ἐσώζοντο
1220 1899 1327 1951 ὑπὸ
1360 1897 1651 1967 Μωυσέος,
1691 1908 1849 1966 μῖσος
1869 1901 1936 1952 11

159 1984 218 2037 ἐκ
271 1986 483 2038 τούτων
538 1987 674 2054 πρὸς
729 1985 896 2039 αὐτὸν
937 1985 1322 2054 ἀνελάμβανον
1370 1984 1458 2038 καὶ
1505 1989 1848 2056 θερμότερον

159 2075 428 2126 ἅπτεσθαι
467 2082 577 2126 τῶν
625 2070 739 2125 κατ’
788 2073 959 2126 αὐτοῦ
1010 2075 1403 2142 βουλευμάτων
1443 2073 1664 2142 ἠξίουν,
1715 2074 1849 2128 ὑπο-

157 2170 418 2224 νοοῦντες
458 2159 557 2231 μὲν
606 2163 677 2230 μὴ
720 2163 811 2214 διὰ
850 2163 951 2230 τὴν
992 2163 1295 2231 εὐπραγίαν
1335 2166 1671 2231 νεωτερίσειε
1712 2165 1848 2215 κατὰ

158 2251 258 2318 τὴν
313 2255 632 2317 Αἴγυπτον,
688 2250 1040 2312 διδάσκοντες
1088 2247 1148 2302 δὲ
1194 2253 1290 2303 τὸν
1330 2249 1556 2318 βασιλέα
1595 2250 1718 2320 περὶ
1756 2260 1849 2319 τῆς

92 2349 135 2382 25
161 2346 388 2406 σφαγῆς.
466 2338 645 2405 <255>
697 2337 724 2389 ὃ
774 2335 834 2390 δὲ
881 2337 971 2390 καὶ
1026 2336 1154 2391 καθ’
1210 2338 1379 2391 αὑτὸν
1434 2336 1534 2407 μὲν
1585 2335 1695 2408 εἶχε
1747 2341 1848 2408 τὴν

158 2433 257 2478 τοῦ
295 2424 610 2494 πράγματος
651 2423 900 2477 ἐπίνοιαν
939 2426 1046 2478 ὑπό
1086 2446 1142 2478 τε
1182 2429 1406 2495 φθόνου
1445 2435 1538 2494 τῆς
1576 2425 1849 2490 Μωυσέος

160 2516 484 2582 στρατηγίας
531 2511 623 2565 καὶ
673 2513 781 2566 ὑπὸ
830 2512 991 2577 δέους
1040 2517 1437 2577 ταπεινώσεως·
1481 2515 1752 2584 ἐπειχθεὶς
1791 2514 1840 2569 δ’

158 2601 266 2653 ὑπὸ
299 2610 408 2653 τῶν
444 2599 920 2670 ἱερογραμματέων
955 2595 1070 2664 οἷός
1093 2599 1138 2654 τ’
1178 2598 1247 2670 ἦν
1288 2601 1553 2671 ἐγχειρεῖν
1591 2611 1654 2672 τῇ
1679 2607 1848 2657 Μωυ-

162 2687 285 2750 σέος
321 2687 612 2758 ἀναιρέσει.
690 2689 870 2757 <256>
895 2690 1118 2758 φθάσας
1144 2687 1203 2741 δὲ
1227 2691 1328 2758 τὴν
1353 2689 1655 2759 ἐπιβουλὴν
1687 2712 1847 2744 κατα-

94 2791 138 2822 30
162 2781 365 2844 μαθεῖν
406 2777 599 2828 λαθὼν
636 2775 904 2844 ὑπέξεισι,
951 2776 1040 2829 καὶ
1080 2787 1189 2830 τῶν
1231 2778 1377 2830 ὁδῶν
1418 2778 1846 2848 φυλαττομένων

281 2881 304 2929 ς
337 2880 423 2919 254
449 2898 504 2912 =
528 2876 672 2920 Exod.
705 2877 748 2919 11
783 2882 852 2920 15.
