2052 3141
852 51 1032 92 TPITH
1683 47 1782 100 161

101 191 306 257 τρόπον
356 183 426 255 ἧν
481 183 1006 254 διακεκοσμημένος,
1052 186 1153 252 τὴν
1202 180 1262 236 δὲ
1313 184 1520 251 σκηνὴν
1571 183 1788 250 ἵστησιν
1821 197 1849 235 3

104 277 274 329 αὐτοῦ
319 276 455 328 κατὰ
503 273 702 343 μέσον,
752 271 1126 342 τετραμμένην
1173 274 1309 341 πρὸς
1349 271 1650 337 ἀνατολάς,
1698 271 1790 322 ἵνα

103 373 320 434 πρῶτον
371 364 400 416 ὁ
450 364 604 431 ἥλιος
654 360 733 415 ἐπ’
783 362 954 430 αὐτὴν
1005 359 1365 429 άνιὼνάφιῆ
1413 361 1507 422 τὰς
1555 358 1790 421 ἀκτῖνας.

104 450 194 504 καὶ
225 453 286 504 τὸ
319 448 419 519 μὲν
452 458 621 520 μῆκος
652 450 816 518 αὐτῆς
849 448 936 502 ἐπὶ
967 451 1152 518 πήχεις
1185 447 1440 517 ἐγήγερτο
1481 448 1793 518 τριάκοντα,

61 560 81 592 5
105 542 165 593 τὸ
207 537 259 592 δ’
299 535 459 609 εὖρος
491 537 579 590 ἐπὶ
612 537 742 590 δέκα
776 539 1088 605 διειστήκει·
1129 535 1221 589 καὶ
1261 536 1287 589 ὁ
1330 533 1429 604 μὲν
1463 535 1644 604 ἕτερος
1682 543 1792 587 τῶν

105 631 306 697 τοίχων
344 630 526 689 νότιος
557 623 647 695 ἧν,
688 627 716 680 ὁ
751 623 800 678 δ’
841 625 1021 695 ἕτερος
1059 625 1193 677 κατὰ
1233 627 1442 694 βορρᾶν
1484 622 1791 691 ἐτέτραπτο,

105 719 334 769 κατόπιν
368 713 417 768 δ’
458 715 622 783 αὐτῆς
659 714 692 782 ἡ
727 715 883 776 δύσις
921 716 1279 766 κατελείπετο.
1357 713 1535 779 <116>
1576 711 1794 763 ἀνίστα-

108 811 241 858 σθαι
297 802 345 856 δ’
393 803 564 871 αὐτὴν
621 802 784 872 ἐχρῆν
840 801 922 871 ἐφ’
972 802 1106 854 ὅσον
1156 803 1448 870 προβαίνοι
1503 802 1563 853 τὸ
1620 795 1794 868 εὖρος.

107 896 287 954 κίονες
334 888 384 944 δ’
431 887 571 959 ἦσαν
612 890 779 953 ξύλου
818 888 1175 958 πεποιημένοι
1216 890 1350 941 κατὰ
1389 889 1633 957 πλευρὰν
1675 885 1795 939 ἐκα-

43 1000 84 1032 10
107 980 271 1051 τέραν
318 985 517 1047 εἴκοσι,
563 979 897 1047 τετράγωνοι
945 976 1044 1046 μὲν
1091 980 1153 1030 τὸ
1202 985 1380 1046 σχῆμα
1426 974 1796 1045 εἰργασμένοι,

109 1072 186 1133 εἰς
226 1065 287 1122 δὲ
325 1068 525 1130 πλάτος
566 1069 848 1129 διεστῶτες
878 1068 1090 1136 πήχεώς
1127 1086 1183 1118 τε
1216 1064 1307 1117 καὶ
1344 1065 1594 1132 ἡμίσους,
1633 1066 1693 1117 τὸ
1736 1061 1797 1116 δὲ

110 1159 285 1228 βάθος
332 1158 618 1210 δακτύλων
665 1156 952 1225 τεττάρων.
1031 1155 1211 1222 <117>
1253 1154 1467 1215 λεπίδες
1515 1150 1564 1205 δ’
1612 1152 1798 1214 αὐτοῖς

110 1244 251 1316 ἦσαν
284 1243 796 1314 ἐπικεχαλκευμέναι
828 1245 1177 1312 πανταχόθεν
1210 1252 1427 1311 χρυσαῖ,
1468 1241 1560 1294 διά
1591 1260 1646 1293 τε
1686 1250 1797 1293 τῶν

113 1337 347 1388 ἔνδοθεν
386 1332 476 1386 καὶ
516 1343 625 1386 τῶν
666 1333 815 1395 ἐκτὸς
854 1341 1051 1401 μερῶν.
1131 1331 1232 1383 δύο
1275 1328 1323 1382 δ’
1371 1330 1553 1382 αὐτῶν
1594 1327 1799 1401 ἑκάστῳ

48 1441 89 1473 15
113 1432 396 1492 προσῆσαν
448 1425 798 1491 στρόφιγγες,
846 1419 1204 1487 ἐλαυνόμενοι
1243 1420 1378 1471 κατὰ
1419 1419 1520 1471 δύο
1560 1418 1798 1487 βάσεων·

112 1508 271 1564 αὗται
316 1509 364 1563 δ’
405 1511 644 1579 ἀργυραῖ
683 1507 783 1578 μὲν
826 1505 994 1577 ἦσαν,
1033 1506 1194 1570 πυλὶς
1234 1505 1284 1560 δ’
1327 1505 1551 1578 ἑκατέρᾳ
1590 1507 1801 1559 τούτων

112 1608 325 1669 προσῆν
366 1597 629 1669 δεχομένη
677 1600 774 1651 τὸν
815 1600 1133 1667 στρόφιγγα.
1210 1597 1391 1663 <118>
1429 1604 1527 1648 τοῦ
1569 1592 1629 1647 δὲ
1667 1595 1803 1647 κατὰ

115 1689 278 1741 δύσιν
317 1691 503 1758 τοίχου
537 1691 716 1750 κίονες
748 1684 848 1755 μὲν
888 1685 941 1749 ἒξ
975 1682 1135 1754 ἦσαν,
1176 1692 1423 1753 συνῆσαν
1457 1681 1505 1736 δ’
1546 1683 1805 1752 ἀλλήλοις

116 1777 351 1847 ἀκριβῶς
390 1778 640 1843 ἅπαντες,
680 1775 815 1827 ὥστε
857 1776 1177 1843 μεμυκότων
1216 1782 1326 1825 τῶν
1367 1771 1557 1840 ἁρμῶν
1597 1771 1670 1834 ὡς
1709 1770 1805 1824 ἕνα

49 1884 91 1914 20
117 1867 301 1919 δοκεῖν
356 1861 498 1918 εἶναι
543 1872 728 1933 τοῖχον
776 1863 957 1916 αὐτῶν
1004 1864 1104 1931 τὴν
1157 1859 1507 1927 συνέλευσιν,
1560 1867 1807 1929 χρυσοῦν

116 1954 181 2007 τά
226 1950 271 2007 τ’
319 1955 555 2007 ἔνδοθεν
605 1951 696 2005 καὶ
746 1953 811 2004 τὰ
860 1951 1023 2013 ἐκτός.
1103 1950 1284 2018 <119>
1333 1948 1584 2016 άνελόγει
1631 1946 1735 2017 γὰρ
1777 1947 1806 2000 ὁ

117 2052 227 2096 τῶν
273 2044 480 2095 κιόνων
533 2040 792 2109 ἀριθμός·
842 2045 1014 2093 εἴκοσι
1061 2040 1164 2108 γὰρ
1212 2035 1369 2106 ἦσαν.
1446 2034 1536 2088 καὶ
1587 2045 1808 2105 παρεῖχε

119 2131 295 2200 βάθος
333 2133 516 2200 τρίτον
558 2135 836 2198 σπιθαμῆς
875 2128 1098 2190 ἕκαστος
1138 2127 1347 2193 αὐτῶν,
1388 2126 1523 2177 ὥστε
1566 2128 1810 2193 συμπλη-

121 2225 360 2289 ροῦσθαι
406 2221 535 2280 τοὺς
579 2219 871 2287 τριάκοντα
917 2219 1105 2286 πήχεις
1151 2212 1240 2268 ὑπ’
1291 2215 1487 2267 αὐτῶν.
1563 2214 1697 2265 κατὰ
1749 2209 1811 2265 δὲ

54 2322 97 2355 25
121 2309 218 2361 τὸν
274 2308 508 2360 ὄπισθεν
563 2316 748 2376 τοῖχον
805 2305 988 2375 (ἐννέα
1038 2306 1141 2374 γὰρ
1191 2306 1379 2374 πήχεις
1425 2303 1482 2355 οἱ
1528 2300 1580 2365 ἓξ
1632 2304 1813 2363 κίονες

122 2394 452 2465 παρέχονται
485 2393 874 2465 συνελθόντες)
910 2394 1007 2447 δύ’
1044 2392 1260 2463 ἑτέρους
1297 2400 1586 2445 ποιοῦνται
1624 2392 1813 2451 κίονας

125 2483 184 2537 ἐκ
216 2486 428 2553 πήχεως
458 2481 842 2552 τετμημένους,
882 2483 979 2545 οὓς
1011 2482 1309 2550 ἐγγωνίους
1341 2482 1542 2532 ἔθεσαν
1581 2475 1662 2530 ἐπ’
1697 2483 1817 2546 ἴσης

124 2582 238 2635 τοῖς
278 2574 518 2640 μείζοσιν
554 2569 910 2640 ἠσκημένους.
973 2570 1153 2638 <120>
1188 2567 1411 2629 ἕκαστος
1451 2563 1512 2618 δὲ
1551 2575 1660 2618 τῶν
1700 2568 1816 2618 κιό-

125 2680 240 2713 νων
272 2661 494 2729 κρίκους
524 2655 633 2728 εἶχε
666 2666 905 2728 χρυσοῦς
943 2658 1077 2710 κατὰ
1116 2659 1177 2709 τὸ
1218 2654 1319 2718 ἔξω
1360 2653 1609 2723 μέτωπον
1650 2669 1819 2723 προσ-

60 2763 104 2796 30
127 2756 303 2817 φυεῖς,
343 2747 522 2817 ὥσπερ
557 2747 726 2816 ῥίζαις
756 2745 901 2799 τισὶν
935 2742 1406 2815 ἐμπεπλεγμένους
1437 2743 1571 2795 κατὰ
1612 2745 1821 2811 στίχον,

248 2853 272 2902 ἓ
307 2854 389 2893 116
416 2870 470 2885 --
496 2847 640 2892 Exod.
673 2847 824 2891 XXVI
858 2852 933 2900 183
977 2844 1169 2889 XXXVI
1202 2849 1270 2889 23.

223 2931 429 2963 Iosnpnm.
464 2931 494 2963 I.
715 2977 718 2982 Ι
1499 2922 1520 2960 l
1531 2923 1550 2962 l
