2052 3141
868 54 1048 95 ΤΡΙΤΗ
1697 51 1800 103 153

115 202 330 242 σουσιν·
371 187 441 241 ἂν
473 185 534 240 δὲ
565 186 850 249 κάκείνους
889 187 1130 256 διαφύγῃ
1162 188 1223 239 τὸ
1256 185 1380 257 περὶ
1419 194 1517 240 τοῦ
1556 187 1803 256 πράγμα-

113 297 204 339 τος
244 277 539 343 δύσκολον,
579 273 666 328 ἐπὶ
700 272 760 328 σὲ
791 282 953 328 τοῦτο
995 272 1430 343 ἀναπέμψουσιν.
1510 277 1659 327 ἔσται
1698 276 1802 344 γὰρ

115 364 287 427 οὕτως
325 364 628 434 ἀμφότερα·
676 361 766 416 καὶ
805 372 915 415 τῶν
956 361 1464 433 δικαίωνἙβραῖοι
1502 362 1804 431 τεύξονται,

112 452 204 506 καὶ
251 455 319 505 σὺ
366 459 441 524 τῷ
490 458 605 524 θεῷ
654 452 1044 523 προσεδρεύων
1094 451 1485 522 εὐμενέστερον
1525 451 1594 504 ἂν
1634 452 1802 504 αὐτὸν

68 556 88 587 5
111 543 392 610 ποιήσειας
429 547 503 613 τςό
546 539 798 612 στρατῷ.’

225 631 292 698 <7
300 631 368 698 3>
413 638 582 683 ταῦτα
620 627 955 697 Ῥαγουήλου
1002 626 1433 698 παραινέσαντος
1480 630 1508 682 ὁ
1555 632 1804 696 Μωυσῆς

113 716 363 787 ἀσμένως
410 720 724 788 προσήκατο
771 719 872 785 τὴν
922 720 1300 786 συμβουλίαν,
1347 716 1437 769 καὶ
1488 727 1637 770 ποιεῖ
1672 718 1804 770 κατὰ

111 808 212 875 τὴν
250 806 543 875 ὑποθήκην
589 807 690 874 τὴν
743 804 956 858 ἐκείνου
968 846 983 873 ,
1029 814 1127 858 τοῦ
1167 808 1373 875 τρόπου
1414 807 1515 874 τὴν
1556 805 1804 858 ἐπίνοιαν

112 895 214 948 οὐκ
254 893 730 964 ἀποκρυψάμενος,
771 890 901 946 οὐδὲ
939 894 1396 963 σφετερισάμενος
1436 895 1627 962 αὐτήν,
1667 893 1805 946 ἀλλὰ

46 997 88 1028 10
111 986 342 1052 ποιήσας
393 985 638 1053 φανερὸν
701 984 798 1035 τὸν
857 981 1183 1050 ἐξευρηκότα
1237 990 1311 1054 τῷ
1368 986 1585 1051 πλήθει.
1662 984 1806 1050 <74>

111 1071 214 1125 κάν
252 1081 367 1135 τοῖς
405 1074 640 1141 βιβλίοις
681 1068 741 1123 δὲ
774 1069 1106 1138 Ῥαγουῆλον
1146 1073 1386 1140 ἔγραψεν
1427 1072 1498 1133 ὡς
1538 1071 1805 1141 εὑρηκότα

111 1162 213 1230 τὴν
240 1159 487 1224 διάταξιν
518 1162 618 1229 τὴν
651 1158 1074 1230 προειρημένην,
1114 1164 1292 1222 καλῶς
1324 1162 1467 1229 ἔχειν
1500 1161 1806 1228 ἡγούμενος

112 1250 325 1318 τάληθῆ
382 1256 681 1319 μαρτυρεῖν
734 1257 848 1310 τοῖς
903 1247 1106 1316 ἀξίοις,
1162 1249 1212 1300 εἰ
1256 1247 1347 1300 καὶ
1399 1249 1566 1312 δόξαν
1618 1250 1804 1317 ἔμελλε

113 1337 303 1409 φέρειν
355 1334 776 1410 ἐπιγραφομένῳ
823 1338 888 1389 τὰ
935 1335 1026 1388 ὑπ’
1073 1338 1257 1389 ἄλλων
1309 1336 1612 1407 εὑρημένα,
1670 1338 1805 1389 ὥστε

48 1437 89 1469 15
112 1429 212 1495 τὴν
251 1424 524 1489 Μωυσέος
563 1425 762 1495 ἀρετὴν
801 1424 904 1478 κάκ
943 1426 1142 1478 τούτου
1183 1432 1525 1494 καταμαθεῖν

224 1515 367 1583 <75>
399 1514 546 1567 ἀλλά-
568 1512 693 1583 περὶ
726 1511 827 1582 μὲν
858 1515 1056 1582 ταύτης
1088 1514 1356 1583 εὐκαίρως
1388 1515 1447 1567 ἐν
1488 1516 1675 1576 ἄλλοις
1714 1522 1807 1582 τῆς

114 1610 327 1673 γραφῆς
367 1604 709 1672 δηλώσομεν·
757 1606 1007 1670 Μωυσῆς
1055 1600 1115 1655 δὲ
1156 1605 1493 1671 συγκαλέσας
1531 1605 1632 1672 τὴν
1672 1608 1841 1672 πλη-’

112 1693 227 1745 θὺν
281 1692 446 1754 αὐτὸς
499 1688 600 1760 μὲν
654 1693 732 1754 είς
785 1694 846 1744 τὸ
903 1693 1031 1760 ὄρος
1078 1689 1413 1761 ἀπέρχεσθαι
1460 1694 1520 1745 τὸ
1569 1697 1805 1746 Σιναῖον

114 1782 300 1848 ἔλεγεν
341 1780 413 1843 ὡς
452 1781 820 1848 συνεσόμενος
856 1786 930 1850 τῷ
971 1784 1115 1850 θεῷ,
1154 1783 1251 1832 καί
1284 1799 1407 1832 τινα
1448 1781 1633 1849 λαβὼν
1672 1779 1796 1850 παρ’

48 1879 90 1910 20
116 1869 288 1922 αὐτοῦ
313 1870 560 1939 χρησμὸν
588 1866 872 1936 ἐπανήξων
903 1870 1039 1937 πρὸς
1071 1868 1290 1936 αὐτούς,
1324 1867 1568 1931 ἐκείνους
1601 1867 1649 1921 δ’
1694 1867 1805 1922 ἐκέ-

113 1960 274 2010 λευσε
312 1960 548 2026 πλησίον
589 1965 1001 2025 μετασκηνῶσαι
1048 1964 1123 2028 τῷ
1166 1959 1312 2026 ὄρει,
1362 1958 1462 2025 τὴν
1502 1960 1805 2024 γειτνίασιν

113 2054 211 2100 τοῦ
263 2052 405 2099 θεοῦ
458 2047 912 2115 προτιμήσαντας.
998 2046 1141 2114 <76>
1196 2041 1345 2098 ταῦτ’
1400 2045 1572 2098 εἰπὼν
1627 2047 1804 2098 ἄνεισι

112 2136 249 2205 πρὸς
278 2136 339 2188 τὸ
372 2138 627 2201 Σιναῖον,
666 2133 1013 2202 ὑψηλότατον
1045 2142 1156 2186 τῶν
1189 2131 1249 2185 ἐν
1283 2131 1510 2195 ἐκείνοις
1549 2143 1663 2196 τοῖς
1700 2155 1804 2204 χω-

114 2225 254 2292 ρίοις
292 2222 439 2292 ὀρῶν
476 2221 780 2291 τυγχάνον,
819 2219 909 2274 καὶ
950 2222 1042 2274 διὰ
1081 2222 1182 2289 τὴν
1220 2221 1535 2291 ὑπερβολὴν
1575 2230 1673 2274 τοῦ
1714 2242 1804 2291 με-

47 2320 89 2353 25
113 2309 317 2379 γέθους
360 2309 452 2363 καὶ
496 2319 608 2363 τῶν
652 2319 914 2380 κρημνῶν
959 2312 1020 2364 τὸ
1062 2309 1338 2378 ἀπότομον
1379 2309 1698 2380 ἀνθρώποις
1737 2310 1804 2364 οὐ

115 2402 289 2468 μόνον
345 2399 448 2452 οὐκ
503 2399 568 2451 ὃν
623 2397 934 2467 ἀναβατόν,
996 2395 1115 2450 ἀλλ’
1170 2395 1289 2451 οὐδ’
1350 2399 1624 2467 ὁραθῆναι
1680 2400 1805 2468 δίχα

113 2490 289 2541 πόνου
347 2494 440 2555 τῆς
495 2488 672 2550 ὄψεως
723 2487 1071 2555 δυνάμενον,
1125 2488 1303 2549 ἄλλως
1348 2505 1404 2538 τε
1459 2485 1548 2538 καὶ
1601 2487 1693 2538 διὰ
1743 2489 1804 2540 τὸ

115 2579 283 2644 λόγον
337 2572 480 2628 εἶναι
533 2573 658 2645 περὶ
703 2582 802 2628 τοῦ
848 2576 946 2628 τὸν
991 2577 1129 2628 θεὸν
1177 2574 1238 2627 ἐν
1285 2574 1430 2646 αὐτῷ
1483 2576 1804 2645 διατρίβειν,

114 2665 359 2734 φοβερὸν
412 2661 502 2716 καὶ
557 2662 871 2732 ἀπρόσιτον.
948 2663 1090 2730 <77>
1130 2661 1377 2732 Ἑβραῖοι
1425 2660 1486 2715 δὲ
1532 2664 1666 2715 κατὰ
1712 2665 1806 2726 τὰς

48 2763 91 2795 30
114 2749 388 2814 Μωυσέος
435 2750 658 2813 ἐντολὰς
704 2753 1073 2820 μετεσκήνουν
1118 2749 1208 2802 καὶ
1255 2752 1350 2813 τὰς
1399 2750 1669 2822 ὑπωρείας
1706 2761 1804 2805 τοῦ

86 2836 101 2852 N
238 2856 262 2906 ξ
297 2857 351 2896 73
379 2873 434 2889 =
460 2851 605 2895 Exod.
639 2850 791 2895 XVIII
823 2855 892 2895 24.
