2052 3141
861 70 1040 109 TPITH
1690 64 1793 116 197

110 226 222 258 των
262 204 576 274 ἀνθρώπων
610 202 1052 271 ἐξιστορήσαντες
1083 209 1364 271 παρῆσαν,
1404 196 1791 269 τετταράκονθ’

109 293 336 363 ἡμέραις
380 294 458 354 εἰς
502 299 612 344 πᾶν
659 291 1131 360 καταχρησάμενοι
1172 286 1441 360 τοῦργον,
1493 291 1570 342 ἔτι
1611 284 1671 340 δὲ
1710 285 1801 340 καὶ

109 383 353 451 καρποὺς
392 375 470 433 ὧν
511 382 704 450 ἔφερεν
735 380 768 447 ἡ
802 387 869 447 γῆ
902 381 1230 448 κομίζοντες,
1270 378 1449 444 <304>
1484 385 1546 446 τῇ
1579 396 1635 429 τε
1676 377 1800 430 τού,

109 490 220 523 των
260 470 552 540 εὐπρεπείᾳ
583 467 674 521 καὶ
705 476 778 539 τῷ
812 470 1014 536 πλῆθει
1046 477 1156 520 τῶν
1197 457 1445 535 ἀγαθῶν,
1486 466 1518 518 ἃ
1557 467 1657 534 τὴν
1697 472 1801 533 γῆν

66 578 86 610 5
112 561 255 628 ε”χειν
296 560 620 627 διηγοῦντο,
670 561 930 625 πολεμεῖν
972 556 1285 626 ἐπαίροντες
1323 557 1384 608 τὸ
1424 559 1663 622 πλῆθος,
1703 574 1803 622 φο-

110 650 340 716 βοῦντες
379 642 439 698 δὲ
479 646 645 698 πάλιν
686 646 818 698 αὐτὸ
859 653 932 717 τῷ
973 653 1066 713 τῆς
1105 648 1341 713 κτήσεως
1380 643 1600 716 ἀπόρῳ,
1639 660 1802 695 ποτα-

111 737 247 804 μούς
292 754 348 787 τε
404 736 661 803 διαβῆναι
708 732 958 801 λέγοντες
1005 733 1335 802 ἀδιαβάτους
1384 732 1491 785 ὑπὸ
1533 730 1805 800 μεγέθους

112 826 221 893 ἅμα
260 821 350 875 καὶ
389 823 628 890 βάθους,
667 821 758 874 καὶ
799 825 898 892 ὅρη
940 822 1191 892 ἀμήχανα
1231 832 1344 884 τοῖς
1384 822 1673 888 ὁδεύουσι,
1714 817 1804 871 καὶ

110 915 296 974 πόλεις
319 911 584 980 καρτερὰς
607 914 805 980 τείχεσι
830 909 919 963 καὶ
945 914 1255 980 περιβόλων
1282 911 1585 979 ὀχυρότητι.
1621 907 1802 976 <305>

45 1019 87 1050 10
113 1000 172 1053 ἐν
215 997 275 1053 δὲ
320 1002 573 1069 Χεβρῶνι
612 998 702 1052 καὶ
748 1008 859 1052 τῶν
908 1000 1183 1067 γιγάντων
1224 1001 1466 1067 ἔφασκον
1506 1000 1635 1059 τοὺς
1674 996 1805 1048 ἀπο-

110 1091 311 1156 γόνους
340 1091 683 1157 καταλαβεῖν.
761 1086 851 1140 καὶ
884 1089 941 1141 015
969 1085 1069 1157 μὲν
1109 1088 1441 1140 κατάσκοποι
1481 1084 1806 1154 τεθεαμένοι

111 1177 354 1245 πάντων,
395 1170 476 1239 οἷς
508 1178 640 1245 μετὰ
671 1178 772 1245 τὴν
806 1176 1000 1240 ἔξοδον
1039 1178 1138 1245 τὴν
1172 1173 1261 1228 ἀπ’
1295 1176 1582 1243 Αἰγύπτου
1626 1173 1806 1226 ἐνέτυ-

111 1286 243 1336 χον,
284 1268 444 1333 μείζω
485 1266 550 1318 τὰ
590 1266 723 1317 κατὰ
763 1267 863 1333 τὴν
905 1269 1247 1332 Χαναναίαν,
1297 1265 1458 1317 αὐτοί
1492 1283 1546 1316 τε
1587 1280 1807 1315 κατεπε-

112 1357 394 1423 πλήγεσαν
418 1352 508 1406 καὶ
532 1356 593 1407 τὸ
625 1358 839 1421 πλῆθος
872 1354 1046 1416 οὕτως
1078 1357 1221 1423 ἔχειν
1255 1353 1573 1422 ἐπειρῶντο·
1625 1352 1805 1419 <306>

45 1461 86 1493 15
113 1446 170 1496 οἳ
213 1439 262 1495 δ’
308 1444 519 1511 ἄπορον
569 1441 621 1505 ἐξ
672 1437 749 1494 ὧν
796 1443 1139 1511 ἠκροάσαντο
1191 1443 1290 1510 τὴν
1338 1449 1530 1509 κτῆσιν
1577 1448 1670 1508 τῆς
1709 1448 1807 1508 γῆς

110 1532 533 1600 ὑπελάμβανον,
588 1528 680 1583 καὶ
730 1530 1087 1593 διαλυθέντες
1135 1530 1193 1583 ἐκ
1232 1538 1324 1598 τῆς
1376 1529 1661 1597 ἐκκλησίας
1702 1531 1806 1581 σὺν

113 1618 329 1687 γυναιξὶ
383 1618 474 1672 καὶ
528 1617 718 1671 παισὶν
771 1619 1176 1689 ὀλοφυρόμενοι
1229 1620 1456 1687 διῆγον,
1521 1619 1593 1681 ὡς
1641 1614 1806 1670 οὐδὲν

114 1711 255 1781 ἔργω
296 1717 396 1761 τοῦ
427 1713 567 1761 θεοῦ
599 1710 965 1776 βοηθοῦντος,
1005 1710 1150 1780 λόγῳ
1194 1704 1254 1759 δὲ
1294 1710 1468 1776 μόνον
1508 1707 1808 1775 ὑπισχνου-

114 1795 298 1865 μένου.
378 1797 558 1864 <307>
606 1795 695 1849 καὶ
751 1798 846 1850 τὸν
898 1800 1152 1864 ΝΙωυσῆν
1208 1797 1374 1849 πάλιν
1427 1794 1661 1866 ᾐτιῶντο
1715 1793 1807 1847 καὶ

45 1903 88 1935 20
113 1887 391 1954 κατεβόων
425 1885 597 1938 αὐτοῦ
630 1884 720 1938 καὶ
752 1885 1028 1955 τάδελφοῦ
1063 1884 1336 1955 Ἀαρῶνος
1368 1892 1466 1937 τοῦ
1500 1882 1806 1953 ἀρχιερέως.

112 1973 203 2027 καὶ
241 1975 492 2043 πονηρὰν
525 1971 625 2042 μὲν
659 1973 749 2027 καὶ
790 1976 920 2043 μετὰ
960 1985 1070 2027 τῶν
1112 1976 1188 2036 εἰς
1227 1977 1355 2036 τοὺς
1396 1974 1602 2042 ἄνδρας
1641 1975 1807 2041 βλασ-

113 2073 334 2132 φημιῶν
366 2063 621 2131 διάγουσι
653 2065 753 2132 τὴν
785 2065 974 2131 νύκτα,
1014 2063 1132 2134 πρςὸ
1168 2060 1217 2115 δ’
1257 2065 1334 2125 εἰς
1373 2064 1472 2130 τὴν
1515 2061 1807 2130 ἐκκλησίαν

116 2151 510 2221 συντρέχουσι,
573 2150 645 2204 δι’
702 2151 918 2214 ἐννοίας
973 2154 1187 2221 ἔχοντες
1234 2152 1664 2211 καταλεύσαντες
1710 2151 1808 2201 τὸν

114 2243 369 2308 Μωυσῆν
407 2238 498 2292 καὶ
537 2242 635 2293 τὸν
670 2238 917 2311 Ἀαρῶνα
958 2239 1045 2294 ε’πὶ
1085 2242 1185 2309 τὴν
1218 2246 1504 2308 Αἴγυπτον
1544 2235 1808 2307 ὑποστρέ-

48 2344 90 2376 25
115 2348 258 2397 φειν.
338 2329 519 2396 <308>
575 2338 684 2381 τῶν
742 2326 802 2381 δὲ
857 2332 1214 2382 κατασκόπων
1263 2327 1474 2397 Ἰησοῦς
1528 2347 1583 2379 τε
1631 2327 1659 2380 ὁ
1708 2333 1806 2379 τοῦ

114 2418 387 2484 Ναυήνου
427 2426 571 2485 παῖς,
610 2421 788 2486 φυλῆς
822 2414 1248 2486 Ἐφραιμίτιδος,
1289 2416 1378 2469 καὶ
1413 2417 1675 2485 Χάλεβος,
1714 2422 1808 2482 τῆς

108 2503 293 2558 Ἰούδα
339 2509 545 2574 φυλῆς,
592 2504 932 2575 φοβηθέντες
977 2514 1254 2576 χωροῦσιν
1302 2507 1378 2567 εἰς
1429 2504 1662 2573 μέσους,
1717 2501 1807 2555 καὶ

116 2595 177 2647 τὸ
217 2598 432 2662 πλῆθος
476 2603 753 2663 κατεῖχον,
799 2600 1034 2664 θαρρεῖν
1084 2596 1335 2662 δεόμενοι
1374 2592 1464 2646 καὶ
1505 2595 1635 2662 μήτε
1674 2602 1807 2656 ψευ-

119 2683 380 2750 δολογιάν
419 2686 764 2753 κατακρίνειν
796 2692 895 2736 τοῦ
926 2688 1067 2736 θεοῦ
1107 2686 1237 2751 μήτε
1277 2683 1555 2735 πιστεύειν
1594 2691 1707 2744 τοῖς
1749 2680 1807 2733 ἐκ

51 2785 94 2816 30
117 2779 215 2824 τοῦ
257 2772 328 2839 μὴ
369 2770 580 2840 τάληθῆ
628 2770 752 2840 περὶ
800 2781 909 2824 τῶν
952 2775 1281 2824 Χαναναίων
1332 2769 1606 2841 εἰρηκέναι
1646 2790 1807 2823 κατα-

238 2876 261 2924 ξ
295 2877 380 2916 304
407 2894 461 2909 =
487 2872 622 2916 Num.
656 2872 764 2915 ΧΠῙ
795 2878 864 2916 27.
989 2877 1012 2926 ἓ
1047 2877 1132 2917 306
1160 2894 1213 2909 =
1239 2872 1375 2917 Num.
1408 2872 1517 2915 XIV
1552 2878 1588 2917 1.
