2052 3141
866 47 1046 86 TPITH
1696 48 1800 100 155

224 179 365 246 (83)
397 177 540 231 οὕτω
575 175 622 229 δ’
656 178 837 230 αὐτῶν
870 177 1230 248 διακειμένων
1264 179 1604 250 ἐπιφαίνεται
1628 186 1801 235 Μωυ-
1834 197 1858 235 3

114 274 211 334 σῆς
240 268 445 337 γαῦρός
475 285 531 319 τε
564 265 654 319 καὶ
686 265 822 334 μέγα
854 277 1095 337 φρονῶν.
1174 270 1369 337 ὀφθείς
1408 267 1453 322 τ’
1494 265 1597 324 οὗν
1638 271 1800 333 αὐτὸς

110 354 434 408 ἀπαλλάττει
472 363 571 408 τοῦ
613 353 771 418 δέους
803 355 1005 418 αὐτοὺς
1042 355 1133 409 καὶ
1170 356 1296 427 περὶ
1334 368 1444 411 τῶν
1485 362 1799 427 μελλόντων

108 447 421 512 κρείττονας
451 443 740 497 ὑπετίθετο
766 444 861 506 τὰς
885 443 1124 512 ἐλπίδας,
1165 449 1385 516 αἴθριός
1417 466 1471 499 τε
1504 446 1594 500 καὶ
1626 454 1798 501 καθα-

64 545 84 576 5
111 534 205 601 ρὸς
245 532 273 585 6
315 531 419 601 ἀὴρ
459 542 569 585 τῶν
608 534 714 601 πρὸ
756 533 947 600 ὀλίγου
979 539 1177 586 παθῶν
1216 531 1286 602 ἧν
1318 534 1590 598 Μωυσέος
1627 555 1799 606 παρα-

107 624 412 689 γεγονότος.
492 622 634 689 <84>
675 619 762 675 ἐπὶ
798 623 1011 684 τούτοις
1043 619 1146 676 οὖν
1189 628 1454 691 συγκαλεῖ
1493 627 1553 677 τὸ
1586 629 1799 692 πλῆθος

107 711 185 771 εἰς
224 708 535 777 ἐκκλησιάν,
575 708 953 778 ἀκουσόμενον
994 705 1071 763 ὧν
1112 712 1140 765 6
1180 714 1312 774 θεὸς
1350 718 1493 766 εἴποι
1532 715 1668 783 πρὸς
1707 714 1798 766 αὐ-

105 801 216 850 τόν.
295 796 386 850 καὶ
447 797 978 867 συναθροισθέντων
1042 800 1170 862 στὰς
1232 799 1317 869 ἐφ’
1374 801 1595 870 ὑψηλοῦ
1649 805 1798 865 τινὸς

106 885 242 938 ὅθεν
282 888 511 954 ἔμελλον
545 887 777 949 ἅπαντες
809 886 1166 956 ἀκούσεσθαι,
1207 889 1264 942 ‘6
1291 886 1391 958 μὲν
1422 890 1582 952 θεός,
1625 887 1796 959 εἶπεν,

37 984 80 1015 10
108 970 175 1025 (ὦ
219 972 498 1044 Ἑβραῖοι,
552 975 800 1042 καθάπερ
856 974 945 1027 καὶ
992 979 1296 1045 πρότερον,
1351 977 1582 1046 εὐμενὴς
1627 994 1795 1047 προσ-

103 1061 324 1125 εδέξατό
365 1082 450 1131 με,
489 1061 579 1115 καὶ
619 1066 743 1131 βιόν
775 1060 834 1115 θ’
873 1063 1007 1132 ὑμῖν
1047 1065 1352 1133 εὐδαίμονα
1391 1065 1482 1118 καὶ
1521 1071 1796 1131 πολιτείας

102 1154 311 1220 κόσμον
342 1151 724 1221 ὑπαγορεύσας
755 1152 980 1221 πάρεστι
1020 1151 1110 1205 καὶ
1149 1153 1314 1216 αὐτὸς
1352 1156 1430 1216 εἰς
1468 1157 1529 1208 τὸ
1572 1159 1794 1224 στρατό-

101 1241 288 1292 πεδον.
364 1240 507 1307 <85>
555 1241 691 1308 πρὸς
736 1248 875 1306 γοῦν
923 1240 1094 1293 αὐτοῦ
1140 1240 1230 1293 καὶ
1269 1251 1380 1294 τῶν
1421 1244 1599 1311 ἔργων
1640 1244 1672 1296 ἃ
1714 1242 1785 1297 δι’

102 1328 314 1382 ἐκεῖνον
359 1328 491 1397 ἡμῖν
537 1330 642 1396 ἤδη
691 1326 1021 1398 πέπρακται,
1073 1331 1144 1398 μὴ
1195 1334 1643 1400 καταφρονήσητε
1682 1343 1792 1385 τῶν

34 1425 75 1458 15
101 1416 414 1486 λεγομένων
461 1419 538 1479 εἰς
585 1414 678 1485 ἐμὲ
727 1419 823 1470 τὸν
864 1416 1093 1485 λέγοντα
1134 1417 1479 1487 ἀφορῶντες,
1535 1418 1662 1488 μηδ’
1710 1422 1791 1474 ὅτι

100 1511 311 1574 γλῶττα
357 1513 540 1558 ταῦτα·
577 1503 901 1574 ἀνθρωπίνη
949 1508 1085 1575 πρὸς
1132 1506 1271 1574 ὑμᾶς
1312 1506 1471 1575 λέγει.
1547 1510 1648 1577 τὴν
1688 1512 1792 1579 γὰρ

99 1593 298 1663 ἀρετὴν
339 1593 521 1647 αὐτῶν
561 1596 1014 1662 κατανοήσαντες,
1056 1594 1431 1662 ἐπιγνώσεσθε
1470 1596 1561 1650 καὶ
1599 1600 1660 1651 τὸ
1701 1597 1792 1667 μέ-

99 1689 267 1750 γεθος
297 1690 396 1736 τοῦ
428 1685 755 1751 νενοηκότος
794 1681 884 1735 καὶ
925 1681 1012 1735 ἐπὶ
1053 1682 1390 1752 συμφέροντι
1429 1694 1503 1757 τῷ
1546 1685 1790 1760 ὑμετέρῳ

99 1773 234 1840 πρὸς
274 1768 367 1839 ἐμὲ
399 1771 471 1838 μὴ
504 1772 894 1839 φθονήσαντος
932 1772 1121 1823 εἰπεῖν.
1201 1772 1345 1838 <86>
1380 1773 1447 1825 οὐ
1480 1775 1584 1843 γὰρ
1617 1778 1791 1827 Μωυ-

31 1868 75 1899 20
100 1867 198 1927 σῆς
231 1860 258 1913 6
291 1857 608 1928 Ἀμαράμου
640 1857 731 1910 καὶ
764 1856 1087 1927 Ἰωχαβέδης
1124 1859 1262 1927 υἱός,
1302 1857 1421 1912 ἀλλ’
1461 1862 1489 1914 6
1530 1865 1626 1915 τὸν
1658 1866 1791 1915 Νεῖ-

99 1953 199 2001 λον
251 1945 613 2026 ᾑματωμένον
668 1946 980 2014 ἀναγκάσας
1033 1944 1172 2016 ὑπὲρ
1228 1948 1385 2016 ὑμῶν
1444 1949 1645 2019 ῥυῆναι
1700 1951 1789 2004 καὶ

96 2039 366 2098 ποικίλοις
404 2035 652 2104 δαμάσας
683 2045 868 2098 κακοῖς
906 2037 966 2088 τὸ
1007 2045 1117 2088 τῶν
1151 2037 1472 2104 Αἰγυπτίων
1512 2042 1790 2109 φρόνημα,

100 2125 128 2178 ὁ
170 2126 261 2177 διὰ
306 2124 581 2192 θαλάττης
627 2125 762 2178 ὁδὸν
808 2124 942 2192 ὑμῖν
991 2126 1322 2194 παρασχών,
1378 2126 1406 2179 6
1447 2125 1538 2179 καὶ
1575 2130 1788 2197 τροφὴν

99 2212 152 2275 ἐξ
205 2213 449 2282 οὐρανοῦ
510 2213 964 2281 μηχανησάμενος
1027 2213 1214 2265 ἐλθεῖν
1269 2213 1702 2284 ἀπορουμένοις,
1759 2217 1787 2269 6

29 2308 74 2340 25
98 2302 268 2353 ποτὸν
308 2299 366 2352 ἐκ
404 2298 603 2370 πέτρας
642 2300 955 2369 ἀναβλύσας
995 2305 1378 2370 σπανίζουσιν,
1419 2303 1563 2371 <87>
1603 2301 1675 2355 δι’
1723 2304 1788 2357 ὃν

85 2387 326 2457 Ἄδαμος
371 2398 481 2441 τῶν
528 2388 632 2442 ἀπὸ
680 2397 778 2457 γῆς
827 2409 883 2441 τε
923 2400 1148 2460 καρπῶν
1187 2389 1278 2443 καὶ
1316 2391 1592 2459 θαλάττης
1630 2411 1787 2459 μετα-

97 2477 395 2546 λαμβάνει,
447 2474 518 2529 δι’
567 2476 631 2529 ὃν
677 2478 871 2539 Νώεος
918 2477 976 2530 ἐκ
1022 2486 1116 2546 τῆς
1167 2478 1464 2548 ἐπομβρίας
1505 2478 1786 2550 διέφυγεν,

98 2562 171 2617 δι’
228 2564 292 2616 ὃν
331 2563 604 2633 Ἅβραμος
650 2565 678 2618 6
726 2564 984 2636 ἡμέτερος
1033 2569 1306 2635 πρόγονος
1346 2565 1399 2630 ἐξ
1442 2566 1646 2635 ἀλήτου
1685 2571 1786 2638 τὴν

101 2655 418 2705 Χαναναίαν
448 2650 670 2722 κατέσχε
703 2660 827 2721 γῆν,
868 2651 938 2705 δι’
972 2653 1037 2706 ὃν
1065 2652 1278 2716 Ἴσακος
1309 2665 1558 2724 γηραιοῖς
1590 2655 1784 2727 ἐτέχθη

30 2750 75 2782 30
100 2748 353 2808 γονεῦσι,
394 2737 469 2792 δι’
518 2740 582 2792 ὃν
617 2738 871 2810 Ἰάκωβος
911 2743 1124 2794 δώδεκα
1161 2743 1376 2796 παίδων
1416 2742 1628 2814 ἀρεταῖς
1668 2745 1786 2799 ἐκο-

219 2845 243 2894 §t
277 2846 331 2884 83
360 2862 414 2876 =
439 2840 584 2884 Exod.
618 2841 725 2884 XIX
759 2847 825 2886 14.
