2052 3141
847 86 1121 126 TETAPTH
1716 84 1825 135 249

136 215 339 280 θένους
386 215 683 287 ἐλευθέρας
730 216 941 285 γονέων
993 217 1245 286 ἀγαθῶν·
1302 218 1329 271 ὁ
1384 215 1444 270 δὲ
1490 219 1563 286 μὴ
1612 216 1827 286 μέλλων

137 307 372 373 ἄγεσθαι
417 304 702 376 παρθένον
755 307 828 374 μὴ
879 307 1199 373 ζευγνύσθω
1253 314 1627 359 συνοικοῦσαν
1680 307 1828 379 ἄλλω

137 395 444 462 νοθεύσας,
499 390 638 463 μηδὲ
694 398 882 447 λυπῶν
938 396 1034 446 τὸν
1088 397 1356 464 πρότερον
1412 394 1577 462 αὐτῆς
1635 396 1827 464 ἄνδρα.

138 483 340 543 δούλας
379 478 440 534 δὲ
472 483 544 550 μὴ
585 487 883 550 γαμεῖσθαι
922 490 1036 544 τοῖς
1067 481 1402 551 ἐλευθέροις,
1442 480 1568 551 μηδ’
1615 482 1685 536 ἂν
1726 481 1821 537 ὑπ’

93 585 112 617 5
139 573 339 639 ἔρωτος
377 571 512 640 πρὸς
557 572 720 622 τοῦτό
767 589 910 632 τινες
951 569 1328 638 ἐκβιάζωνται,
1375 580 1594 640 κρατεῖν
1636 568 1697 624 δὲ
1736 581 1830 641 τῆς

138 658 434 727 ἐπιθυμίας
480 660 540 711 τὸ
588 655 851 727 εὐπρεπὲς
902 657 991 711 καὶ
1031 667 1143 720 τοῖς
1184 657 1450 727 ἀξιώμασι
1489 662 1828 730 πρόσφορον.

137 748 318 815 <245>
367 748 443 798 ἔτι
491 744 551 798 δὲ
602 744 728 815 μηδ’
775 746 1139 816 ἡταιρημένης
1187 743 1329 799 εἶναι
1376 747 1584 816 γάμον,
1640 744 1703 816 ἧς
1751 746 1822 801 δι’

136 835 302 905 ὕβριν
349 843 448 887 τοῦ
495 835 742 903 σώματος
790 836 884 898 τὰς
932 834 1018 887 ἐπὶ
1065 843 1137 907 τῷ
1188 836 1341 908 γάμῳ
1388 839 1590 899 θυσίας
1631 837 1658 890 ὁ
1698 840 1833 900 θεὸς

139 923 239 976 οὐκ
286 921 355 974 ἂν
401 924 677 992 πρόσοιτο.
757 922 972 990 γένοιτο
1020 925 1123 993 γὰρ
1173 923 1242 976 ἂν
1282 924 1424 977 οὕτω
1466 934 1575 977 τῶν
1615 927 1830 978 παίδων

73 1026 114 1057 10
138 1013 202 1064 τὰ
243 1012 567 1080 φρονήματα
619 1010 907 1081 ἐλευθέρια
958 1011 1049 1064 καὶ
1099 1014 1235 1081 πρὸς
1285 1011 1484 1082 ἀρετὴν
1526 1015 1726 1082 ὄρθια,
1783 1016 1833 1066 ει’

139 1101 210 1169 μὴ
258 1100 477 1169 τύχοιεν
525 1098 583 1152 ἐκ
629 1100 821 1168 γάμων
868 1101 1071 1170 φύντες
1120 1102 1392 1171 αἰσχρῶν,
1448 1099 1574 1169 μηδ’
1624 1102 1676 1164 ἐξ
1719 1101 1830 1154 ἐπι-

138 1191 345 1257 θυμίας
377 1187 478 1240 οὐκ
511 1186 831 1258 ἐλευθερίας
864 1191 1271 1241 συνελθόντων.
1350 1190 1530 1257 <246>
1571 1191 1622 1241 εί
1661 1189 1726 1242 δέ
1753 1210 1833 1253 τις

141 1277 213 1339 ὡς
251 1274 535 1345 παρθένον
583 1277 1060 1345 μνηστευσάμενος
1111 1280 1292 1330 ἔπειτα
1333 1280 1404 1346 μὴ
1447 1280 1704 1347 τοιαύτην
1746 1280 1832 1332 εὕ-

141 1384 249 1434 ροι,
301 1366 461 1432 δίκην
513 1365 696 1434 λαχὼν
745 1364 909 1427 αὐτὸς
956 1364 1056 1433 μὲν
1103 1369 1499 1436 κατηγορείτω,
1555 1368 1834 1436 χρώμενος

74 1468 114 1500 15
140 1455 218 1516 εἰς
257 1451 539 1516 ἀπόδειξιν
588 1445 669 1514 οἷς
717 1452 785 1505 ἂν
837 1455 928 1523 ἔχῃ
970 1457 1305 1523 τεκμηρίοις,
1353 1454 1737 1522 ἀπολογείσθω
1772 1453 1825 1507 δ’

141 1543 170 1596 ὁ
211 1549 304 1610 τῆς
343 1543 508 1610 κόρης
546 1542 720 1611 πατὴρ
764 1541 795 1609 ἢ
836 1541 1100 1611 ἀδελφός,
1148 1542 1180 1610 ἢ
1227 1542 1285 1604 ὃς
1325 1542 1393 1594 ἂν
1434 1544 1564 1611 μετὰ
1605 1544 1835 1606 τούτους

143 1627 416 1699 ἐγγυτέρω
471 1631 605 1699 δοκῇ
654 1638 753 1682 τοῦ
801 1628 1010 1697 γένους.
1088 1631 1270 1700 <247>
1311 1629 1400 1683 καὶ
1439 1637 1695 1698 κριθεῖσα
1735 1630 1835 1702 μὲν

142 1719 172 1787 ἡ
214 1721 349 1788 κόρη
392 1719 464 1787 μὴ
506 1717 717 1770 ἀδικεῖν
759 1722 1077 1771 συνοικείτω
1119 1727 1192 1790 τῷ
1233 1722 1696 1789 κατηγορήσαντι,
1736 1742 1834 1790 μη-

144 1809 338 1876 δεμιάν
379 1806 634 1870 ἐξουσίαν
676 1809 895 1876 ἔχοντος
928 1807 1141 1860 ἐκείνου
1182 1806 1603 1876 ἀποπέμπεσθαι
1644 1809 1835 1878 αὐτήν,

81 1909 123 1941 20
147 1897 292 1964 πλὴν
325 1897 376 1948 εἰ
406 1896 478 1964 μὴ
513 1896 748 1964 μεγάλας
781 1898 955 1958 αι’τίας
987 1896 1132 1967 αὐτῷ
1166 1896 1437 1965 παράσχοι
1477 1895 1565 1948 καὶ
1606 1899 1742 1966 πρὸς
1775 1898 1836 1961 ἃς

144 1981 265 2037 οὐδ’
313 1983 380 2037 ἂν
413 1983 691 2037 ἀντειπεῖν
736 1986 1029 2054 δυνηθείη·
1087 1986 1268 2053 (248)
1309 1993 1406 2037 τοῦ
1449 1982 1508 2037 δὲ
1553 1990 1837 2055 τολμηρῶς

144 2071 233 2125 καὶ
273 2082 552 2143 προπετῶς
593 2072 903 2141 ἐπενεγκεῖν
955 2075 1134 2126 αἰτίαν
1175 2072 1265 2126 καὶ
1306 2075 1576 2142 διαβολὴν
1616 2077 1835 2143 πρόστι-

145 2181 250 2229 μον
276 2160 555 2229 ἐκτινύτω,
587 2163 797 2230 πληγὰς
821 2163 1215 2231 τετταράκοντα
1249 2169 1346 2232 μιᾷ
1380 2163 1672 2224 λειπούσας
1705 2167 1835 2231 λαμ-

145 2249 359 2317 βάνων,
405 2248 495 2302 καὶ
541 2253 878 2318 πεντήκοντα
927 2254 1148 2313 σίκλους
1196 2250 1504 2303 ἀποτινύτω
1544 2258 1617 2321 τςό
1660 2254 1836 2320 πατρί.

80 2349 122 2381 25
149 2336 216 2389 ἂν
270 2335 319 2388 δ’
375 2335 621 2408 ἐξελέγξῃ
673 2340 773 2406 τὴν
823 2340 1118 2407 παιδίσκην
1169 2337 1558 2408 ἐφθαρμένην,
1615 2340 1838 2407 δημότις

147 2422 248 2493 μὲν
290 2421 427 2478 οὖσα
467 2434 566 2479 τοῦ
606 2428 678 2495 μὴ
721 2430 1022 2497 σωφρόνως
1060 2434 1363 2497 προστῆναι
1404 2433 1496 2494 τῆς
1535 2431 1838 2494 παρθενίας

148 2515 272 2582 ἄχρι
311 2509 561 2582 νομίμῶν
601 2514 791 2582 γάμων
831 2514 1235 2583 καταλευέσθω,
1275 2515 1342 2567 ἂν
1386 2512 1434 2567 δ’
1484 2513 1535 2577 ἐξ
1580 2514 1770 2583 ἱερέων
1804 2511 1838 2586 ᾖ

149 2599 504 2669 γεγενημένη,
543 2601 784 2655 καιέσθω
829 2606 983 2667 ζῶσα.
1061 2605 1243 2671 <249>
1285 2605 1385 2656 δύο
1427 2613 1704 2671 γυναικῶν
1746 2604 1838 2657 οὐ-

150 2698 263 2742 σῶν
302 2691 439 2756 τινί,
476 2688 568 2742 καὶ
606 2697 699 2758 τῆς
737 2688 837 2759 μὲν
879 2689 1061 2761 ἐτέρας
1101 2691 1160 2745 ἐν
1200 2699 1324 2760 τιμῇ
1367 2693 1582 2761 σφόδρα
1622 2690 1711 2744 καὶ
1751 2693 1838 2745 εὐ-

270 2809 293 2857 ξ
327 2809 413 2847 244
439 2826 493 2840 =
519 2804 706 2849 Denter.
740 2806 869 2849 XXII
901 2812 982 2858 223
1015 2806 1162 2850 Levit.
1196 2806 1303 2849 XXI
1337 2812 1374 2850 7.
1468 2812 1492 2860 ξ
1526 2812 1610 2851 245
1638 2830 1693 2844 =
1718 2807 1839 2851 Deu-

151 2880 235 2922 ter.
267 2877 416 2920 XXIII
450 2883 488 2922 2.
612 2884 635 2932 ξ
671 2884 754 2923 246
782 2902 835 2916 =
862 2880 1048 2924 Denter.
1082 2881 1208 2923 XXII
1243 2886 1316 2933 133
1357 2880 1484 2924 XXV
1516 2886 1555 2924 3.
