<?xml version="1.0" encoding="UTF-8"?>
<!DOCTYPE html PUBLIC "-//W3C//DTD XHTML 1.0 Transitional//EN"
    "http://www.w3.org/TR/xhtml1/DTD/xhtml1-transitional.dtd">
<html xmlns="http://www.w3.org/1999/xhtml" xml:lang="en" lang="en">
 <head>
  <title>
</title>
<meta http-equiv="Content-Type" content="text/html;charset=utf-8" />
  <meta name='ocr-system' content='tesseract 3.04.00' />
  <meta name='ocr-capabilities' content='ocr_page ocr_carea ocr_par ocr_line ocrx_word'/>
</head>
<body>
  <div class='ocr_page' id='page_1' title='image "./flaviiiosephiope01joseuoft_0211.png"; bbox 0 0 2052 3141; ppageno 0'>
   <div class='ocr_carea' id='block_1_1' title="bbox 843 67 1777 120">
    <p class='ocr_par' dir='ltr' id='par_1_1' title="bbox 843 67 1777 120">
     <span class='ocr_line' id='line_1_1' title="bbox 843 67 1777 120; baseline 0.009 -9"><span class='ocrx_word' id='word_1_1' title='bbox 843 71 1024 111; x_wconf 86' lang='lat' dir='ltr'>TPITH</span> <span class='ocrx_word' id='word_1_2' title='bbox 1672 67 1777 120; x_wconf 83' lang='lat'><em>179</em></span> 
     </span>
    </p>
   </div>
   <div class='ocr_carea' id='block_1_2' title="bbox 15 199 1780 2972">
    <p class='ocr_par' dir='ltr' id='par_1_2' title="bbox 15 199 1780 2972">
     <span class='ocr_line' id='line_1_2' title="bbox 93 199 1777 274; baseline -0.001 -17"><span class='ocrx_word' id='word_1_3' title='bbox 93 210 156 272; x_wconf 73' lang='grc' dir='ltr'><em>τῇ</em></span> <span class='ocrx_word' id='word_1_4' title='bbox 203 211 302 257; x_wconf 92' lang='grc' dir='ltr'><em>τοῦ</em></span> <span class='ocrx_word' id='word_1_5' title='bbox 347 209 487 258; x_wconf 87' lang='grc' dir='ltr'><em>θεοῦ</em></span> <span class='ocrx_word' id='word_1_6' title='bbox 533 206 802 274; x_wconf 76' lang='grc' dir='ltr'><em>θεραπείᾳ</em></span> <span class='ocrx_word' id='word_1_7' title='bbox 850 200 1090 256; x_wconf 87' lang='grc' dir='ltr'><em>διετέλει.</em></span> <span class='ocrx_word' id='word_1_8' title='bbox 1168 200 1258 254; x_wconf 87' lang='grc' dir='ltr'><em>καὶ</em></span> <span class='ocrx_word' id='word_1_9' title='bbox 1305 211 1414 254; x_wconf 84' lang='grc' dir='ltr'><em>τῶν</em></span> <span class='ocrx_word' id='word_1_10' title='bbox 1462 199 1561 270; x_wconf 77' lang='grc' dir='ltr'><em>μὲν</em></span> <span class='ocrx_word' id='word_1_11' title='bbox 1601 203 1679 264; x_wconf 85' lang='grc' dir='ltr'><em>είς</em></span> <span class='ocrx_word' id='word_1_12' title='bbox 1717 205 1777 256; x_wconf 89' lang='grc' dir='ltr'><em>τὸ</em></span> 
     </span>
     <span class='ocr_line' id='line_1_3' title="bbox 93 287 1778 360; baseline -0.001 -16"><span class='ocrx_word' id='word_1_13' title='bbox 93 296 329 345; x_wconf 81' lang='grc' dir='ltr'><strong><em>Σιναῖον</em></strong></span> <span class='ocrx_word' id='word_1_14' title='bbox 378 291 599 344; x_wconf 78' lang='grc' dir='ltr'><em>ἀνόδων</em></span> <span class='ocrx_word' id='word_1_15' title='bbox 646 291 921 360; x_wconf 77' lang='grc' dir='ltr'><em>ἀπείχετο,</em></span> <span class='ocrx_word' id='word_1_16' title='bbox 968 292 1045 353; x_wconf 85' lang='grc' dir='ltr'><em>εἰς</em></span> <span class='ocrx_word' id='word_1_17' title='bbox 1092 287 1152 342; x_wconf 73' lang='grc' dir='ltr'><em>δὲ</em></span> <span class='ocrx_word' id='word_1_18' title='bbox 1193 291 1293 358; x_wconf 83' lang='grc' dir='ltr'><em>τὴν</em></span> <span class='ocrx_word' id='word_1_19' title='bbox 1342 291 1551 358; x_wconf 87' lang='grc' dir='ltr'><em>σκηνὴν</em></span> <span class='ocrx_word' id='word_1_20' title='bbox 1590 292 1778 343; x_wconf 83' lang='grc' dir='ltr'><em>εἰσιὼν</em></span> 
     </span>
     <span class='ocr_line' id='line_1_4' title="bbox 94 374 1777 449; baseline -0.001 -17"><span class='ocrx_word' id='word_1_21' title='bbox 94 379 468 449; x_wconf 83' lang='grc' dir='ltr'><em>ἐχρηματίζετο</em></span> <span class='ocrx_word' id='word_1_22' title='bbox 519 377 643 447; x_wconf 89' lang='grc' dir='ltr'><em>περὶ</em></span> <span class='ocrx_word' id='word_1_23' title='bbox 699 374 776 431; x_wconf 78' lang='grc' dir='ltr'><em>ὧν</em></span> <span class='ocrx_word' id='word_1_24' title='bbox 824 378 999 431; x_wconf 91' lang='grc' dir='ltr'><em>ἐδεῖτο</em></span> <span class='ocrx_word' id='word_1_25' title='bbox 1054 379 1210 447; x_wconf 78' lang='grc' dir='ltr'><em>παρὰ·</em></span> <span class='ocrx_word' id='word_1_26' title='bbox 1254 386 1351 430; x_wconf 92' lang='grc' dir='ltr'><em>τοῦ</em></span> <span class='ocrx_word' id='word_1_27' title='bbox 1401 383 1570 446; x_wconf 83' lang='grc' dir='ltr'><em>θεοῦ,</em></span> <span class='ocrx_word' id='word_1_28' title='bbox 1628 380 1777 431; x_wconf 86' lang='grc' dir='ltr'><em>ἰδιω-</em></span> 
     </span>
     <span class='ocr_line' id='line_1_5' title="bbox 89 456 1777 536; baseline -0.001 -16"><span class='ocrx_word' id='word_1_29' title='bbox 89 469 266 520; x_wconf 87' lang='grc' dir='ltr'><em>τεύων</em></span> <span class='ocrx_word' id='word_1_30' title='bbox 312 466 404 520; x_wconf 82' lang='grc' dir='ltr'><em>καὶ</em></span> <span class='ocrx_word' id='word_1_31' title='bbox 448 475 512 536; x_wconf 77' lang='grc' dir='ltr'><em>τῇ</em></span> <span class='ocrx_word' id='word_1_32' title='bbox 561 471 725 536; x_wconf 75' lang='grc' dir='ltr'><em>στολῇ</em></span> <span class='ocrx_word' id='word_1_33' title='bbox 773 465 863 520; x_wconf 87' lang='grc' dir='ltr'><em>καὶ</em></span> <span class='ocrx_word' id='word_1_34' title='bbox 910 456 1195 529; x_wconf 81' lang='grc' dir='ltr'><em>πᾶσιτοῖς</em></span> <span class='ocrx_word' id='word_1_35' title='bbox 1233 467 1421 529; x_wconf 77' lang='grc' dir='ltr'><em>ἄλλοις</em></span> <span class='ocrx_word' id='word_1_36' title='bbox 1461 468 1611 534; x_wconf 79' lang='grc' dir='ltr'><em>ἄγων</em></span> <span class='ocrx_word' id='word_1_37' title='bbox 1653 465 1777 519; x_wconf 82' lang='grc' dir='ltr'><em>ἑαυ-</em></span> 
     </span>
     <span class='ocr_line' id='line_1_6' title="bbox 45 552 1777 624; baseline -0.001 -16"><span class='ocrx_word' id='word_1_38' title='bbox 45 572 64 603; x_wconf 85' lang='grc'>5</span> <span class='ocrx_word' id='word_1_39' title='bbox 89 558 186 609; x_wconf 89' lang='grc' dir='ltr'><em>τὸν</em></span> <span class='ocrx_word' id='word_1_40' title='bbox 218 557 673 624; x_wconf 77' lang='grc' dir='ltr'><em>δημοτικώτερον,</em></span> <span class='ocrx_word' id='word_1_41' title='bbox 712 554 801 607; x_wconf 87' lang='grc' dir='ltr'><em>καὶ</em></span> <span class='ocrx_word' id='word_1_42' title='bbox 838 552 1011 624; x_wconf 77' lang='grc' dir='ltr'><em>μηδὲν</em></span> <span class='ocrx_word' id='word_1_43' title='bbox 1043 557 1382 623; x_wconf 85' lang='grc' dir='ltr'><em>βουλόμενος</em></span> <span class='ocrx_word' id='word_1_44' title='bbox 1414 564 1525 607; x_wconf 84' lang='grc' dir='ltr'><em>τῶν</em></span> <span class='ocrx_word' id='word_1_45' title='bbox 1556 559 1777 608; x_wconf 77' lang='grc' dir='ltr'><strong><em>πολλῶν</em></strong></span> 
     </span>
     <span class='ocr_line' id='line_1_7' title="bbox 90 642 1777 715; baseline -0.001 -19"><span class='ocrx_word' id='word_1_46' title='bbox 90 643 373 713; x_wconf 79' lang='grc' dir='ltr'><em>διαφέρειν</em></span> <span class='ocrx_word' id='word_1_47' title='bbox 406 645 589 697; x_wconf 78' lang='grc' dir='ltr'><em>δοκεῖν</em></span> <span class='ocrx_word' id='word_1_48' title='bbox 622 644 654 712; x_wconf 74' lang='grc' dir='ltr'>ἢ</span> <span class='ocrx_word' id='word_1_49' title='bbox 688 646 839 715; x_wconf 81' lang='grc' dir='ltr'><em>μόνῳ</em></span> <span class='ocrx_word' id='word_1_50' title='bbox 873 651 947 714; x_wconf 78' lang='grc' dir='ltr'><em>τῷ</em></span> <span class='ocrx_word' id='word_1_51' title='bbox 980 645 1393 712; x_wconf 72' lang='grc' dir='ltr'><strong><em>προνοούμενος</em></strong></span> <span class='ocrx_word' id='word_1_52' title='bbox 1433 642 1615 695; x_wconf 86' lang='grc' dir='ltr'><em>αὐτῶν</em></span> <span class='ocrx_word' id='word_1_53' title='bbox 1655 642 1777 711; x_wconf 85' lang='grc' dir='ltr'><em>βλέ-</em></span> 
     </span>
     <span class='ocr_line' id='line_1_8' title="bbox 86 729 1777 800; baseline -0.001 -16"><span class='ocrx_word' id='word_1_54' title='bbox 86 738 304 784; x_wconf 89' lang='grc' dir='ltr'><em>πεσθαι.</em></span> <span class='ocrx_word' id='word_1_55' title='bbox 368 733 549 800; x_wconf 77' lang='grc'>&lt;213&gt;</span> <span class='ocrx_word' id='word_1_56' title='bbox 591 734 669 784; x_wconf 80' lang='grc' dir='ltr'><em>ἔτι</em></span> <span class='ocrx_word' id='word_1_57' title='bbox 710 729 770 784; x_wconf 77' lang='grc' dir='ltr'><em>δὲ</em></span> <span class='ocrx_word' id='word_1_58' title='bbox 818 733 917 799; x_wconf 86' lang='grc' dir='ltr'><em>τὴν</em></span> <span class='ocrx_word' id='word_1_59' title='bbox 954 734 1235 783; x_wconf 85' lang='grc' dir='ltr'><strong><em>πολιτείαν</em></strong></span> <span class='ocrx_word' id='word_1_60' title='bbox 1275 730 1366 783; x_wconf 86' lang='grc' dir='ltr'><em>καὶ</em></span> <span class='ocrx_word' id='word_1_61' title='bbox 1405 733 1533 793; x_wconf 89' lang='grc' dir='ltr'><em>τοὺς</em></span> <span class='ocrx_word' id='word_1_62' title='bbox 1571 734 1777 799; x_wconf 86' lang='grc' dir='ltr'><em>νόμους</em></span> 
     </span>
     <span class='ocr_line' id='line_1_9' title="bbox 87 817 1777 890; baseline -0.001 -18"><span class='ocrx_word' id='word_1_63' title='bbox 87 823 323 890; x_wconf 83' lang='grc' dir='ltr'><em>ἔγραφε,</em></span> <span class='ocrx_word' id='word_1_64' title='bbox 384 817 512 872; x_wconf 82' lang='grc' dir='ltr'><em>καθ’</em></span> <span class='ocrx_word' id='word_1_65' title='bbox 567 820 663 881; x_wconf 83' lang='grc' dir='ltr'><em>οὓς</em></span> <span class='ocrx_word' id='word_1_66' title='bbox 718 818 1120 889; x_wconf 77' lang='grc' dir='ltr'><em>κεχαρισμένως</em></span> <span class='ocrx_word' id='word_1_67' title='bbox 1175 826 1247 890; x_wconf 76' lang='grc' dir='ltr'><em>τῷ</em></span> <span class='ocrx_word' id='word_1_68' title='bbox 1297 825 1412 890; x_wconf 76' lang='grc' dir='ltr'><em>θεῷ</em></span> <span class='ocrx_word' id='word_1_69' title='bbox 1462 820 1777 887; x_wconf 77' lang='grc' dir='ltr'><em>βιώσονται,</em></span> 
     </span>
     <span class='ocr_line' id='line_1_10' title="bbox 84 904 1777 976; baseline -0.001 -16"><span class='ocrx_word' id='word_1_70' title='bbox 84 904 257 976; x_wconf 75' lang='grc' dir='ltr'><em>μηδὲν</em></span> <span class='ocrx_word' id='word_1_71' title='bbox 305 906 562 975; x_wconf 81' lang='grc' dir='ltr'><em>ἀλλήλοις</em></span> <span class='ocrx_word' id='word_1_72' title='bbox 608 907 859 974; x_wconf 77' lang='grc' dir='ltr'><em>ἐγκαλεῖν</em></span> <span class='ocrx_word' id='word_1_73' title='bbox 908 910 1137 976; x_wconf 80' lang='grc' dir='ltr'><em>ἔχοντες.</em></span> <span class='ocrx_word' id='word_1_74' title='bbox 1208 915 1376 959; x_wconf 89' lang='grc' dir='ltr'><em>ταῦτα</em></span> <span class='ocrx_word' id='word_1_75' title='bbox 1417 905 1603 975; x_wconf 88' lang='grc' dir='ltr'><em>μέντοι</em></span> <span class='ocrx_word' id='word_1_76' title='bbox 1642 908 1777 959; x_wconf 78' lang='grc' dir='ltr'><em>κατὰ</em></span> 
     </span>
     <span class='ocr_line' id='line_1_11' title="bbox 18 995 1324 1064; baseline -0.002 -16"><span class='ocrx_word' id='word_1_77' title='bbox 18 1012 59 1043; x_wconf 90' lang='lat'><em>10</em></span> <span class='ocrx_word' id='word_1_78' title='bbox 84 997 182 1064; x_wconf 88' lang='grc' dir='ltr'><em>τὴν</em></span> <span class='ocrx_word' id='word_1_79' title='bbox 222 996 596 1064; x_wconf 80' lang='grc' dir='ltr'><em>ὑπαγόρευσιν</em></span> <span class='ocrx_word' id='word_1_80' title='bbox 635 1004 734 1048; x_wconf 92' lang='grc' dir='ltr'><em>τοῦ</em></span> <span class='ocrx_word' id='word_1_81' title='bbox 773 1001 914 1048; x_wconf 87' lang='grc' dir='ltr'><em>θεοῦ</em></span> <span class='ocrx_word' id='word_1_82' title='bbox 956 995 1324 1047; x_wconf 75' lang='grc' dir='ltr'><em>συνετάττετο.</em></span> 
     </span>
     <span class='ocr_line' id='line_1_12' title="bbox 195 1079 1778 1152; baseline -0.001 -16"><span class='ocrx_word' id='word_1_83' title='bbox 195 1085 373 1152; x_wconf 81' lang='grc'>&lt;214&gt;</span> <span class='ocrx_word' id='word_1_84' title='bbox 407 1082 633 1152; x_wconf 81' lang='grc' dir='ltr'><em>διέξειμι</em></span> <span class='ocrx_word' id='word_1_85' title='bbox 666 1081 765 1151; x_wconf 73' lang='grc' dir='ltr'><em>μὲν</em></span> <span class='ocrx_word' id='word_1_86' title='bbox 801 1079 905 1136; x_wconf 83' lang='grc' dir='ltr'><em>οὖν</em></span> <span class='ocrx_word' id='word_1_87' title='bbox 936 1081 1061 1152; x_wconf 88' lang='grc' dir='ltr'><em>περὶ</em></span> <span class='ocrx_word' id='word_1_88' title='bbox 1094 1090 1186 1149; x_wconf 80' lang='grc' dir='ltr'><em>τῆς</em></span> <span class='ocrx_word' id='word_1_89' title='bbox 1222 1086 1499 1144; x_wconf 76' lang='grc' dir='ltr'><em>πολιτείας</em></span> <span class='ocrx_word' id='word_1_90' title='bbox 1538 1080 1628 1135; x_wconf 84' lang='grc' dir='ltr'><em>καὶ</em></span> <span class='ocrx_word' id='word_1_91' title='bbox 1668 1092 1778 1135; x_wconf 86' lang='grc' dir='ltr'><em>τῶν</em></span> 
     </span>
     <span class='ocr_line' id='line_1_13' title="bbox 81 1169 1764 1241; baseline -0.001 -17"><span class='ocrx_word' id='word_1_92' title='bbox 81 1175 289 1240; x_wconf 81' lang='grc' dir='ltr'><em>νόμων,</em></span> <span class='ocrx_word' id='word_1_93' title='bbox 329 1171 357 1224; x_wconf 86' lang='grc' dir='ltr'><strong><em>ὃ</em></strong></span> <span class='ocrx_word' id='word_1_94' title='bbox 398 1169 583 1240; x_wconf 89' lang='grc' dir='ltr'><em>μέντοι</em></span> <span class='ocrx_word' id='word_1_95' title='bbox 614 1170 738 1241; x_wconf 85' lang='grc' dir='ltr'><em>περὶ</em></span> <span class='ocrx_word' id='word_1_96' title='bbox 770 1180 863 1240; x_wconf 83' lang='grc' dir='ltr'><em>τῆς</em></span> <span class='ocrx_word' id='word_1_97' title='bbox 901 1179 999 1224; x_wconf 93' lang='grc' dir='ltr'><em>τοῦ</em></span> <span class='ocrx_word' id='word_1_98' title='bbox 1039 1169 1330 1240; x_wconf 80' lang='grc' dir='ltr'><em>ἀρχιερέως</em></span> <span class='ocrx_word' id='word_1_99' title='bbox 1370 1175 1564 1238; x_wconf 83' lang='grc' dir='ltr'><em>στολῆς</em></span> <span class='ocrx_word' id='word_1_100' title='bbox 1600 1169 1764 1239; x_wconf 89' lang='grc' dir='ltr'><em>παρέ-</em></span> 
     </span>
     <span class='ocr_line' id='line_1_14' title="bbox 82 1259 1761 1328; baseline 0 -16"><span class='ocrx_word' id='word_1_101' title='bbox 82 1264 262 1328; x_wconf 80' lang='grc' dir='ltr'><em>λιπον,</em></span> <span class='ocrx_word' id='word_1_102' title='bbox 303 1261 548 1312; x_wconf 79' lang='grc' dir='ltr'><em>διελθεῖν</em></span> <span class='ocrx_word' id='word_1_103' title='bbox 579 1261 869 1328; x_wconf 89' lang='grc' dir='ltr'><em>βούλομαι·</em></span> <span class='ocrx_word' id='word_1_104' title='bbox 913 1259 1229 1327; x_wconf 85' lang='grc' dir='ltr'><em>οὐδαμόθεν</em></span> <span class='ocrx_word' id='word_1_105' title='bbox 1263 1260 1365 1327; x_wconf 74' lang='grc' dir='ltr'><em>γὰρ</em></span> <span class='ocrx_word' id='word_1_106' title='bbox 1399 1269 1761 1328; x_wconf 80' lang='grc' dir='ltr'><em>συκοφαντῶν</em></span> 
     </span>
     <span class='ocr_line' id='line_1_15' title="bbox 81 1346 1764 1417; baseline -0.001 -17"><span class='ocrx_word' id='word_1_107' title='bbox 81 1350 432 1417; x_wconf 77' lang='grc' dir='ltr'><em>κακουργίαις</em></span> <span class='ocrx_word' id='word_1_108' title='bbox 470 1346 755 1400; x_wconf 87' lang='grc' dir='ltr'><em>κατέλιπεν</em></span> <span class='ocrx_word' id='word_1_109' title='bbox 803 1347 1090 1416; x_wconf 78' lang='grc' dir='ltr'><em>ἀφορμήν,</em></span> <span class='ocrx_word' id='word_1_110' title='bbox 1129 1352 1185 1398; x_wconf 77' lang='grc' dir='ltr'><em>εἴ</em></span> <span class='ocrx_word' id='word_1_111' title='bbox 1217 1366 1360 1408; x_wconf 89' lang='grc' dir='ltr'><em>τινες</em></span> <span class='ocrx_word' id='word_1_112' title='bbox 1398 1356 1638 1400; x_wconf 90' lang='grc' dir='ltr'><em>τοιοῦτοι</em></span> <span class='ocrx_word' id='word_1_113' title='bbox 1678 1346 1764 1415; x_wconf 85' lang='grc' dir='ltr'><em>γε’-</em></span> 
     </span>
     <span class='ocr_line' id='line_1_16' title="bbox 15 1429 1769 1505; baseline 0.002 -21"><span class='ocrx_word' id='word_1_114' title='bbox 15 1452 56 1484; x_wconf 86' lang='lat'><em>15</em></span> <span class='ocrx_word' id='word_1_115' title='bbox 80 1456 299 1503; x_wconf 77' lang='grc' dir='ltr'><em>νοιντο,</em></span> <span class='ocrx_word' id='word_1_116' title='bbox 367 1429 520 1505; x_wconf 80' lang='grc' dir='ltr'><em>(οἷοι)</em></span> <span class='ocrx_word' id='word_1_117' title='bbox 572 1445 963 1505; x_wconf 84' lang='grc' dir='ltr'><em>παρεγχειρεῖν</em></span> <span class='ocrx_word' id='word_1_118' title='bbox 1015 1442 1088 1505; x_wconf 76' lang='grc' dir='ltr'><em>τῷ</em></span> <span class='ocrx_word' id='word_1_119' title='bbox 1146 1442 1244 1487; x_wconf 90' lang='grc' dir='ltr'><em>τοῦ</em></span> <span class='ocrx_word' id='word_1_120' title='bbox 1305 1439 1446 1500; x_wconf 82' lang='grc' dir='ltr'><em>θεοῦ</em></span> <span class='ocrx_word' id='word_1_121' title='bbox 1501 1434 1769 1503; x_wconf 83' lang='grc' dir='ltr'><em>ἀξιώματι</em></span> 
     </span>
     <span class='ocr_line' id='line_1_17' title="bbox 82 1520 1780 1594; baseline 0 -18"><span class='ocrx_word' id='word_1_122' title='bbox 82 1524 460 1593; x_wconf 88' lang='grc' dir='ltr'><em>αὐτοκράτορα</em></span> <span class='ocrx_word' id='word_1_123' title='bbox 506 1526 609 1594; x_wconf 78' lang='grc' dir='ltr'><em>γὰρ</em></span> <span class='ocrx_word' id='word_1_124' title='bbox 656 1520 798 1576; x_wconf 81' lang='grc' dir='ltr'><em>εἶναι</em></span> <span class='ocrx_word' id='word_1_125' title='bbox 856 1525 953 1576; x_wconf 92' lang='grc' dir='ltr'><em>τὸν</em></span> <span class='ocrx_word' id='word_1_126' title='bbox 998 1524 1136 1575; x_wconf 88' lang='grc' dir='ltr'><em>θεὸν</em></span> <span class='ocrx_word' id='word_1_127' title='bbox 1182 1523 1621 1592; x_wconf 80' lang='grc' dir='ltr'><em>παρατυγχάνειν</em></span> <span class='ocrx_word' id='word_1_128' title='bbox 1667 1533 1780 1586; x_wconf 88' lang='grc' dir='ltr'><em>τοῖς</em></span> 
     </span>
     <span class='ocr_line' id='line_1_18' title="bbox 83 1600 1776 1681; baseline 0 -17"><span class='ocrx_word' id='word_1_129' title='bbox 83 1613 248 1681; x_wconf 76' lang='grc' dir='ltr'><em>ἱεροῖς</em></span> <span class='ocrx_word' id='word_1_130' title='bbox 278 1600 583 1679; x_wconf 79' lang='grc' dir='ltr'><em>κατέλιπεν,</em></span> <span class='ocrx_word' id='word_1_131' title='bbox 623 1612 782 1665; x_wconf 86' lang='grc' dir='ltr'><em>ὁπότε</em></span> <span class='ocrx_word' id='word_1_132' title='bbox 818 1614 1093 1679; x_wconf 78' lang='grc' dir='ltr'><em>θελήσειε,</em></span> <span class='ocrx_word' id='word_1_133' title='bbox 1132 1609 1222 1662; x_wconf 85' lang='grc' dir='ltr'><em>καὶ</em></span> <span class='ocrx_word' id='word_1_134' title='bbox 1255 1611 1327 1679; x_wconf 86' lang='grc' dir='ltr'><em>μὴ</em></span> <span class='ocrx_word' id='word_1_135' title='bbox 1363 1619 1633 1680; x_wconf 88' lang='grc' dir='ltr'><em>παρεῖναι.</em></span> <span class='ocrx_word' id='word_1_136' title='bbox 1684 1611 1776 1664; x_wconf 80' lang='grc' dir='ltr'><em>καὶ</em></span> 
     </span>
     <span class='ocr_line' id='line_1_19' title="bbox 80 1696 1779 1769; baseline -0.001 -15"><span class='ocrx_word' id='word_1_137' title='bbox 80 1699 226 1754; x_wconf 80' lang='grc' dir='ltr'><em>τοῦτ’</em></span> <span class='ocrx_word' id='word_1_138' title='bbox 268 1701 366 1769; x_wconf 84' lang='grc' dir='ltr'><em>οὐχ</em></span> <span class='ocrx_word' id='word_1_139' title='bbox 397 1699 672 1769; x_wconf 61' lang='grc' dir='ltr'><em>“Εβραιόις</em></span> <span class='ocrx_word' id='word_1_140' title='bbox 704 1702 880 1768; x_wconf 82' lang='grc' dir='ltr'><em>δῆλον</em></span> <span class='ocrx_word' id='word_1_141' title='bbox 918 1696 1059 1751; x_wconf 81' lang='grc' dir='ltr'><em>εἶναι</em></span> <span class='ocrx_word' id='word_1_142' title='bbox 1091 1701 1265 1767; x_wconf 88' lang='grc' dir='ltr'><em>μόνον</em></span> <span class='ocrx_word' id='word_1_143' title='bbox 1304 1697 1601 1767; x_wconf 76' lang='grc' dir='ltr'><em>ἠθέλησεν,</em></span> <span class='ocrx_word' id='word_1_144' title='bbox 1640 1699 1779 1752; x_wconf 78' lang='grc' dir='ltr'><em>ἀλλὰ</em></span> 
     </span>
     <span class='ocr_line' id='line_1_20' title="bbox 82 1787 1777 1858; baseline 0 -18"><span class='ocrx_word' id='word_1_145' title='bbox 82 1787 171 1840; x_wconf 86' lang='grc' dir='ltr'><em>καὶ</em></span> <span class='ocrx_word' id='word_1_146' title='bbox 211 1798 320 1841; x_wconf 82' lang='grc' dir='ltr'><em>τῶν</em></span> <span class='ocrx_word' id='word_1_147' title='bbox 368 1787 541 1851; x_wconf 81' lang='grc' dir='ltr'><em>ξένων</em></span> <span class='ocrx_word' id='word_1_148' title='bbox 578 1797 692 1850; x_wconf 86' lang='grc' dir='ltr'><em>τοῖς</em></span> <span class='ocrx_word' id='word_1_149' title='bbox 729 1787 1229 1856; x_wconf 79' lang='grc' dir='ltr'><em>παρατυγχάνουσι.</em></span> <span class='ocrx_word' id='word_1_150' title='bbox 1310 1788 1491 1855; x_wconf 78' lang='grc'>&lt;215&gt;</span> <span class='ocrx_word' id='word_1_151' title='bbox 1524 1797 1634 1840; x_wconf 84' lang='grc' dir='ltr'><em>τῶν</em></span> <span class='ocrx_word' id='word_1_152' title='bbox 1674 1789 1777 1858; x_wconf 80' lang='grc' dir='ltr'><em>γὰρ</em></span> 
     </span>
     <span class='ocr_line' id='line_1_21' title="bbox 17 1874 1778 1945; baseline 0 -16"><span class='ocrx_word' id='word_1_153' title='bbox 17 1891 59 1924; x_wconf 84' lang='lat'><em>20</em></span> <span class='ocrx_word' id='word_1_154' title='bbox 82 1879 261 1930; x_wconf 90' lang='grc' dir='ltr'><em>λίθων</em></span> <span class='ocrx_word' id='word_1_155' title='bbox 309 1877 406 1940; x_wconf 82' lang='grc' dir='ltr'><em>οὓς</em></span> <span class='ocrx_word' id='word_1_156' title='bbox 452 1875 540 1930; x_wconf 83' lang='grc' dir='ltr'><em>ἐπὶ</em></span> <span class='ocrx_word' id='word_1_157' title='bbox 584 1886 695 1929; x_wconf 84' lang='grc' dir='ltr'><em>τῶν</em></span> <span class='ocrx_word' id='word_1_158' title='bbox 744 1878 913 1944; x_wconf 79' lang='grc' dir='ltr'><em>ὤμων</em></span> <span class='ocrx_word' id='word_1_159' title='bbox 960 1874 1149 1945; x_wconf 87' lang='grc' dir='ltr'><em>φέρειν</em></span> <span class='ocrx_word' id='word_1_160' title='bbox 1196 1877 1293 1928; x_wconf 89' lang='grc' dir='ltr'><em>τὸν</em></span> <span class='ocrx_word' id='word_1_161' title='bbox 1342 1874 1595 1944; x_wconf 89' lang='grc' dir='ltr'><em>ἀρχιερεά</em></span> <span class='ocrx_word' id='word_1_162' title='bbox 1645 1894 1778 1945; x_wconf 93' lang='grc' dir='ltr'><em>προ-</em></span> 
     </span>
     <span class='ocr_line' id='line_1_22' title="bbox 82 1961 1778 2035; baseline -0.001 -17"><span class='ocrx_word' id='word_1_163' title='bbox 82 1975 238 2018; x_wconf 89' lang='grc' dir='ltr'><em>εῖπον</em></span> <span class='ocrx_word' id='word_1_164' title='bbox 279 1965 640 2035; x_wconf 86' lang='grc' dir='ltr'><em>(σαρδόνυχες</em></span> <span class='ocrx_word' id='word_1_165' title='bbox 679 1963 727 2017; x_wconf 83' lang='grc' dir='ltr'><em>δ’</em></span> <span class='ocrx_word' id='word_1_166' title='bbox 776 1961 947 2032; x_wconf 75' lang='grc' dir='ltr'><em>ἦσαν,</em></span> <span class='ocrx_word' id='word_1_167' title='bbox 994 1963 1084 2016; x_wconf 86' lang='grc' dir='ltr'><em>καὶ</em></span> <span class='ocrx_word' id='word_1_168' title='bbox 1125 1966 1416 2032; x_wconf 83' lang='grc' dir='ltr'><em>σημαίνειν</em></span> <span class='ocrx_word' id='word_1_169' title='bbox 1457 1963 1638 2015; x_wconf 85' lang='grc' dir='ltr'><em>αὐτῶν</em></span> <span class='ocrx_word' id='word_1_170' title='bbox 1677 1965 1778 2032; x_wconf 88' lang='grc' dir='ltr'><em>τὴν</em></span> 
     </span>
     <span class='ocr_line' id='line_1_23' title="bbox 82 2049 1777 2122; baseline -0.001 -16"><span class='ocrx_word' id='word_1_171' title='bbox 82 2054 254 2122; x_wconf 88' lang='grc' dir='ltr'><em>φύσιν</em></span> <span class='ocrx_word' id='word_1_172' title='bbox 284 2053 524 2122; x_wconf 79' lang='grc' dir='ltr'><em>ἡγοῦμαι</em></span> <span class='ocrx_word' id='word_1_173' title='bbox 553 2055 831 2122; x_wconf 72' lang='grc' dir='ltr'><em>περιττόν,</em></span> <span class='ocrx_word' id='word_1_174' title='bbox 870 2059 1039 2104; x_wconf 80' lang='grc' dir='ltr'><em>πᾶσιν</em></span> <span class='ocrx_word' id='word_1_175' title='bbox 1079 2053 1155 2113; x_wconf 84' lang='grc' dir='ltr'><em>εἰς</em></span> <span class='ocrx_word' id='word_1_176' title='bbox 1193 2060 1402 2118; x_wconf 84' lang='grc' dir='ltr'><em>γνῶσιν</em></span> <span class='ocrx_word' id='word_1_177' title='bbox 1442 2049 1777 2122; x_wconf 81' lang='grc' dir='ltr'><em>ἀφιγμένην)</em></span> 
     </span>
     <span class='ocr_line' id='line_1_24' title="bbox 84 2138 1776 2210; baseline -0.001 -17"><span class='ocrx_word' id='word_1_178' title='bbox 84 2140 374 2209; x_wconf 85' lang='grc' dir='ltr'><em>συνέβαινε</em></span> <span class='ocrx_word' id='word_1_179' title='bbox 407 2141 658 2210; x_wconf 82' lang='grc' dir='ltr'><em>λάμπειν,</em></span> <span class='ocrx_word' id='word_1_180' title='bbox 698 2141 860 2194; x_wconf 87' lang='grc' dir='ltr'><em>ὁπότε</em></span> <span class='ocrx_word' id='word_1_181' title='bbox 893 2149 1009 2202; x_wconf 89' lang='grc' dir='ltr'><em>ταῖς</em></span> <span class='ocrx_word' id='word_1_182' title='bbox 1043 2141 1376 2209; x_wconf 73' lang='grc' dir='ltr'><em>ἱερουργίαις</em></span> <span class='ocrx_word' id='word_1_183' title='bbox 1409 2138 1438 2192; x_wconf 89' lang='grc' dir='ltr'>ὁ</span> <span class='ocrx_word' id='word_1_184' title='bbox 1472 2141 1604 2201; x_wconf 89' lang='grc' dir='ltr'><em>θεὸς</em></span> <span class='ocrx_word' id='word_1_185' title='bbox 1642 2157 1776 2209; x_wconf 86' lang='grc' dir='ltr'><em>παρ-</em></span> 
     </span>
     <span class='ocr_line' id='line_1_25' title="bbox 84 2226 1776 2299; baseline 0 -19"><span class='ocrx_word' id='word_1_186' title='bbox 84 2232 195 2297; x_wconf 74' lang='grc' dir='ltr'><em>είη,</em></span> <span class='ocrx_word' id='word_1_187' title='bbox 240 2231 338 2282; x_wconf 90' lang='grc' dir='ltr'><em>τὸν</em></span> <span class='ocrx_word' id='word_1_188' title='bbox 388 2229 574 2298; x_wconf 67' lang='grc' dir='ltr'><em>ἕτερον</em></span> <span class='ocrx_word' id='word_1_189' title='bbox 621 2230 718 2281; x_wconf 89' lang='grc' dir='ltr'><em>τὸν</em></span> <span class='ocrx_word' id='word_1_190' title='bbox 766 2226 852 2281; x_wconf 87' lang='grc' dir='ltr'><em>ἐπὶ</em></span> <span class='ocrx_word' id='word_1_191' title='bbox 899 2236 972 2299; x_wconf 78' lang='grc' dir='ltr'><em>τῷ</em></span> <span class='ocrx_word' id='word_1_192' title='bbox 1024 2227 1182 2299; x_wconf 76' lang='grc' dir='ltr'><em>δεξιῷ</em></span> <span class='ocrx_word' id='word_1_193' title='bbox 1224 2237 1332 2280; x_wconf 84' lang='grc' dir='ltr'><em>τῶν</em></span> <span class='ocrx_word' id='word_1_194' title='bbox 1375 2228 1538 2295; x_wconf 81' lang='grc' dir='ltr'><em>ὤμων</em></span> <span class='ocrx_word' id='word_1_195' title='bbox 1577 2245 1776 2297; x_wconf 90' lang='grc' dir='ltr'><em>πεπορ-</em></span> 
     </span>
     <span class='ocr_line' id='line_1_26' title="bbox 15 2314 1775 2385; baseline -0.002 -16"><span class='ocrx_word' id='word_1_196' title='bbox 15 2330 58 2363; x_wconf 83' lang='lat'><em>25</em></span> <span class='ocrx_word' id='word_1_197' title='bbox 82 2315 346 2385; x_wconf 75' lang='grc' dir='ltr'><em>πημένον,</em></span> <span class='ocrx_word' id='word_1_198' title='bbox 385 2317 554 2384; x_wconf 80' lang='grc' dir='ltr'><em>αὐγῆς</em></span> <span class='ocrx_word' id='word_1_199' title='bbox 593 2315 961 2385; x_wconf 86' lang='grc' dir='ltr'><em>ἀποπηδώσης</em></span> <span class='ocrx_word' id='word_1_200' title='bbox 999 2315 1090 2369; x_wconf 83' lang='grc' dir='ltr'><em>καὶ</em></span> <span class='ocrx_word' id='word_1_201' title='bbox 1128 2326 1241 2378; x_wconf 92' lang='grc' dir='ltr'><em>τοῖς</em></span> <span class='ocrx_word' id='word_1_202' title='bbox 1278 2314 1610 2385; x_wconf 88' lang='grc' dir='ltr'><em>πορρωτάτω</em></span> <span class='ocrx_word' id='word_1_203' title='bbox 1651 2335 1775 2384; x_wconf 91' lang='grc' dir='ltr'><em>φαι-</em></span> 
     </span>
     <span class='ocr_line' id='line_1_27' title="bbox 83 2403 1773 2475; baseline -0.002 -18"><span class='ocrx_word' id='word_1_204' title='bbox 83 2403 350 2473; x_wconf 80' lang='grc' dir='ltr'><em>νομένης,</em></span> <span class='ocrx_word' id='word_1_205' title='bbox 405 2405 471 2457; x_wconf 88' lang='grc' dir='ltr'><em>οὐ</em></span> <span class='ocrx_word' id='word_1_206' title='bbox 516 2407 786 2474; x_wconf 89' lang='grc' dir='ltr'><em>πρότερον</em></span> <span class='ocrx_word' id='word_1_207' title='bbox 843 2406 1040 2472; x_wconf 87' lang='grc' dir='ltr'><em>ταύτης</em></span> <span class='ocrx_word' id='word_1_208' title='bbox 1089 2404 1444 2474; x_wconf 86' lang='grc' dir='ltr'><em>ὑπαρχούσης</em></span> <span class='ocrx_word' id='word_1_209' title='bbox 1492 2410 1564 2474; x_wconf 74' lang='grc' dir='ltr'><em>τῷ</em></span> <span class='ocrx_word' id='word_1_210' title='bbox 1614 2405 1773 2475; x_wconf 78' lang='grc' dir='ltr'><em>λίθω.</em></span> 
     </span>
     <span class='ocr_line' id='line_1_28' title="bbox 85 2489 1772 2561; baseline -0.001 -17"><span class='ocrx_word' id='word_1_211' title='bbox 85 2493 266 2560; x_wconf 78' lang='grc'>&lt;216&gt;</span> <span class='ocrx_word' id='word_1_212' title='bbox 305 2495 629 2561; x_wconf 88' lang='grc' dir='ltr'><em>θαυμαστὸν</em></span> <span class='ocrx_word' id='word_1_213' title='bbox 669 2489 770 2560; x_wconf 77' lang='grc' dir='ltr'><em>μὲν</em></span> <span class='ocrx_word' id='word_1_214' title='bbox 804 2489 906 2545; x_wconf 84' lang='grc' dir='ltr'><em>οὖν</em></span> <span class='ocrx_word' id='word_1_215' title='bbox 946 2491 1035 2544; x_wconf 87' lang='grc' dir='ltr'><em>καὶ</em></span> <span class='ocrx_word' id='word_1_216' title='bbox 1075 2500 1235 2545; x_wconf 92' lang='grc' dir='ltr'><em>τοῦτο</em></span> <span class='ocrx_word' id='word_1_217' title='bbox 1276 2501 1389 2553; x_wconf 88' lang='grc' dir='ltr'><em>τοῖς</em></span> <span class='ocrx_word' id='word_1_218' title='bbox 1428 2492 1500 2559; x_wconf 83' lang='grc' dir='ltr'><em>μὴ</em></span> <span class='ocrx_word' id='word_1_219' title='bbox 1541 2492 1641 2558; x_wconf 87' lang='grc' dir='ltr'><em>τὴν</em></span> <span class='ocrx_word' id='word_1_220' title='bbox 1682 2505 1772 2543; x_wconf 91' lang='grc' dir='ltr'><em>σο-</em></span> 
     </span>
     <span class='ocr_line' id='line_1_29' title="bbox 83 2576 1774 2651; baseline -0.002 -18"><span class='ocrx_word' id='word_1_221' title='bbox 83 2583 217 2649; x_wconf 90' lang='grc' dir='ltr'><em>φίαν</em></span> <span class='ocrx_word' id='word_1_222' title='bbox 257 2578 340 2633; x_wconf 82' lang='grc' dir='ltr'><em>ἐπ’</em></span> <span class='ocrx_word' id='word_1_223' title='bbox 381 2580 731 2651; x_wconf 78' lang='grc' dir='ltr'><em>ἐκφαυλισμῷ</em></span> <span class='ocrx_word' id='word_1_224' title='bbox 774 2591 885 2633; x_wconf 85' lang='grc' dir='ltr'><em>τῶν</em></span> <span class='ocrx_word' id='word_1_225' title='bbox 917 2584 1089 2633; x_wconf 89' lang='grc' dir='ltr'><em>θείων</em></span> <span class='ocrx_word' id='word_1_226' title='bbox 1128 2581 1450 2648; x_wconf 84' lang='grc' dir='ltr'><em>ἠσκηκόσιν·</em></span> <span class='ocrx_word' id='word_1_227' title='bbox 1493 2578 1521 2631; x_wconf 88' lang='grc' dir='ltr'><em>ὃ</em></span> <span class='ocrx_word' id='word_1_228' title='bbox 1563 2576 1612 2630; x_wconf 80' lang='grc' dir='ltr'><em>δ’</em></span> <span class='ocrx_word' id='word_1_229' title='bbox 1660 2577 1774 2631; x_wconf 82' lang='grc' dir='ltr'><em>ἐστὶ</em></span> 
     </span>
     <span class='ocr_line' id='line_1_30' title="bbox 84 2668 1772 2738; baseline -0.001 -16"><span class='ocrx_word' id='word_1_230' title='bbox 84 2670 282 2722; x_wconf 89' lang='grc' dir='ltr'><em>τούτου</em></span> <span class='ocrx_word' id='word_1_231' title='bbox 307 2670 762 2737; x_wconf 82' lang='grc' dir='ltr'><em>θαυμασιώτερον</em></span> <span class='ocrx_word' id='word_1_232' title='bbox 788 2668 908 2738; x_wconf 85' lang='grc' dir='ltr'><em>ἐρῶ.</em></span> <span class='ocrx_word' id='word_1_233' title='bbox 959 2670 1049 2721; x_wconf 78' lang='grc' dir='ltr'><em>διὰ</em></span> <span class='ocrx_word' id='word_1_234' title='bbox 1073 2669 1176 2737; x_wconf 81' lang='grc' dir='ltr'><em>γὰρ</em></span> <span class='ocrx_word' id='word_1_235' title='bbox 1201 2678 1311 2720; x_wconf 84' lang='grc' dir='ltr'><em>τῶν</em></span> <span class='ocrx_word' id='word_1_236' title='bbox 1336 2669 1549 2720; x_wconf 83' lang='grc' dir='ltr'><em>δώδεκα</em></span> <span class='ocrx_word' id='word_1_237' title='bbox 1575 2670 1772 2735; x_wconf 79' lang='grc' dir='ltr'><em>λίθων,</em></span> 
     </span>
     <span class='ocr_line' id='line_1_31' title="bbox 18 2753 1772 2827; baseline -0.001 -17"><span class='ocrx_word' id='word_1_238' title='bbox 18 2770 61 2802; x_wconf 82' lang='lat'><em>30</em></span> <span class='ocrx_word' id='word_1_239' title='bbox 87 2757 182 2819; x_wconf 85' lang='grc' dir='ltr'><em>οὓς</em></span> <span class='ocrx_word' id='word_1_240' title='bbox 227 2759 362 2810; x_wconf 78' lang='grc' dir='ltr'><em>κατὰ</em></span> <span class='ocrx_word' id='word_1_241' title='bbox 410 2755 638 2827; x_wconf 88' lang='grc' dir='ltr'><em>στέρνον</em></span> <span class='ocrx_word' id='word_1_242' title='bbox 686 2757 714 2810; x_wconf 87' lang='grc' dir='ltr'>ὁ</span> <span class='ocrx_word' id='word_1_243' title='bbox 762 2756 1044 2827; x_wconf 88' lang='grc' dir='ltr'><em>ἀρχιερεὺς</em></span> <span class='ocrx_word' id='word_1_244' title='bbox 1095 2754 1532 2825; x_wconf 80' lang='grc' dir='ltr'><em>ἐνερραμμένους</em></span> <span class='ocrx_word' id='word_1_245' title='bbox 1570 2762 1644 2826; x_wconf 80' lang='grc' dir='ltr'><em>τῷ</em></span> <span class='ocrx_word' id='word_1_246' title='bbox 1688 2753 1772 2808; x_wconf 89' lang='grc' dir='ltr'><em>ἐσ-</em></span> 
     </span>
     <span class='ocr_line' id='line_1_32' title="bbox 87 2843 1772 2915; baseline -0.001 -19"><span class='ocrx_word' id='word_1_247' title='bbox 87 2851 212 2912; x_wconf 82' lang='grc' dir='ltr'><em>σῆνι</em></span> <span class='ocrx_word' id='word_1_248' title='bbox 265 2855 458 2915; x_wconf 86' lang='grc' dir='ltr'><em>φορεῖ,</em></span> <span class='ocrx_word' id='word_1_249' title='bbox 511 2848 672 2913; x_wconf 90' lang='grc' dir='ltr'><em>νίκην</em></span> <span class='ocrx_word' id='word_1_250' title='bbox 720 2843 979 2913; x_wconf 89' lang='grc' dir='ltr'><em>μέλλουσι</em></span> <span class='ocrx_word' id='word_1_251' title='bbox 1025 2849 1284 2912; x_wconf 89' lang='grc' dir='ltr'><em>πολεμεῖν</em></span> <span class='ocrx_word' id='word_1_252' title='bbox 1333 2845 1689 2913; x_wconf 81' lang='grc' dir='ltr'><em>προυμήνυεν</em></span> <span class='ocrx_word' id='word_1_253' title='bbox 1743 2843 1772 2896; x_wconf 86' lang='grc' dir='ltr'>ὁ</span> 
     </span>
     <span class='ocr_line' id='line_1_33' title="bbox 1417 2931 1505 2972; baseline 0 0"><span class='ocrx_word' id='word_1_254' title='bbox 1417 2931 1505 2972; x_wconf 80' lang='grc'><em>12*</em></span> 
     </span>
    </p>
   </div>
  </div>
 </body>
</html>
