2052 3141
814 95 1090 135 AETTEPA
1687 92 1793 144 125

101 230 176 292 ὡς
214 228 338 299 περὶ
380 230 617 296 οἰκείων,
657 227 740 279 ὅτι
772 246 828 279 τε
867 227 1280 279 κινδυνεύσειεν
1314 224 1400 278 ἐπὶ
1440 226 1655 288 τούτοις
1694 224 1786 278 ὑπ’

100 318 284 371 αὐτῶν
340 316 573 386 ἀμοιβὰς
628 316 694 369 οὐ
751 317 963 377 δικαίας
1008 317 1363 383 κομιζόμενος
1410 313 1792 381 ἀνεδίδασκεν,

97 406 280 474 <283>
320 404 385 457 τά
434 423 490 456 τε
539 405 673 456 κατὰ
711 405 772 456 τὸ
814 407 1051 455 Σιναῖον
1092 404 1220 471 ὅρος
1259 402 1405 473 αὑτῷ
1451 405 1790 472 συντυχόντα

97 493 190 546 καὶ
228 493 322 555 τὰς
354 500 452 545 τοῦ
484 497 624 545 θεοῦ
655 492 845 560 φωνὰς
884 489 974 543 καὶ
1013 491 1078 542 τὰ
1116 492 1251 559 πρὸς
1288 493 1472 542 πίστιν
1513 485 1590 542 ὧν
1632 487 1790 553 οὗτος

53 582 245 653 ὂαύτῷ
297 580 650 651 προστάξειεν
699 577 791 632 ὑπ’
839 579 1009 631 αὐτοῦ
1062 577 1352 648 δειχθέντα
1404 588 1599 646 σημεῖα
1654 577 1781 631 καθ’

98 669 327 722 ἕκαστον
353 668 643 736 ἐξετίθετο,
682 668 973 739 παρεκάλει
1005 687 1061 719 τε
1095 668 1167 735 μὴ
1202 666 1536 720 ἀπιστοῦντα
1576 669 1789 730 τούτοις

98 757 355 825 ἐμποδὼν
387 759 646 810 ἵστασθαι
678 764 741 825 τῇ
774 765 872 809 τοῦ
910 762 1050 808 θεοῦ
1091 757 1296 825 γνώμῃ.
1374 756 1556 823 <284>
1596 757 1788 824 χλευά-

98 860 296 907 σαντος
321 843 381 897 δὲ
405 853 506 898 τοῦ
538 843 822 914 βασιλέως,
862 847 1108 911 Μωυσῆς
1149 846 1289 916 ἔργῳ
1329 842 1600 912 παρέσχεν
1641 845 1785 916 αὐτῷ

96 931 319 1002 βλέπειν
357 935 422 985 τὰ
463 943 657 1002 σημεῖα
689 934 753 985 τὰ
792 934 927 985 κατὰ
966 934 1025 985 τὸ
1060 937 1295 984 Σιναῖον
1337 935 1463 1000 ὄρος
1502 935 1786 1000 γενόμενα.

31 1037 73 1069 10
98 1021 126 1074 ὃ
169 1019 219 1074 δ’
267 1022 646 1090 ἀγανακτήσας
691 1022 937 1090 πονηρὸν
990 1020 1158 1072 αὐτὸν
1199 1019 1480 1085 ἀπεκάλει,
1527 1018 1615 1071 καὶ
1656 1023 1788 1088 πρό-

94 1128 254 1180 τερον
294 1112 543 1178 φυγόντα
581 1111 682 1177 τὴν
722 1107 848 1177 παρ’
888 1111 1212 1176 Αἰγυπτιόις
1253 1110 1511 1160 δουλείαν
1552 1106 1641 1159 καὶ
1681 1117 1786 1161 νῦν

96 1197 149 1262 ἐξ
197 1197 403 1266 ἀπάτης
458 1198 627 1251 αὐτοῦ
681 1200 782 1266 τὴν
838 1198 1025 1267 ἄφιξιν
1072 1196 1441 1265 πεποιημένον
1492 1195 1582 1248 καὶ
1633 1216 1786 1265 τερα-

92 1290 374 1355 τουργίαις
442 1285 533 1338 καὶ
603 1291 851 1354 μαγείαις
919 1286 1253 1353 καταπλῆξαι
1333 1284 1783 1354 ἐπικεχειρηκότα.

95 1375 275 1441 <285>
314 1373 405 1426 καὶ
452 1373 613 1427 ταῦθ’
662 1377 770 1443 ἅμα
825 1374 1002 1442 λέγων
1053 1375 1262 1426 κελεύει
1309 1376 1437 1434 τοὺς
1486 1374 1646 1442 ἱερεῖς
1692 1375 1786 1436 τὰς

27 1476 70 1509 15
95 1462 260 1524 αὐτὰς
314 1464 467 1526 ὄψεις
530 1463 674 1535 αὐτῷ
739 1473 1039 1532 παρασχεῖν
1103 1463 1273 1531 ὁρᾶν,
1337 1462 1408 1523 ὡς
1462 1463 1785 1528 Αἰγυπτίων

95 1560 285 1620 σοφῶν
333 1552 511 1604 ὄντων
549 1550 647 1604 ’καὶ
696 1553 796 1620 τὴν
844 1551 967 1620 περὶ
1014 1552 1223 1604 τούτων
1274 1549 1591 1618 ἐπιστήμην.
1673 1549 1784 1615 [καὶ

57 1634 178 1692 7ὅτι
233 1641 305 1708 μὴ
363 1642 530 1708 μόνος
578 1643 830 1709 ἔμπειρος
878 1641 955 1692 ὢν
1006 1640 1169 1701 αὐτὸς
1216 1640 1292 1700 εἰς
1337 1641 1475 1691 θεὸν
1527 1640 1782 1691 δύναται·

93 1730 154 1780 τὸ
211 1729 314 1796 γὰρ
371 1725 452 1780 ἐπ’
508 1729 654 1800 αὐτῷ
705 1728 1018 1798 παράδοξον
1074 1726 1369 1797 ἀναφέρων
1419 1730 1656 1789 πιθανὸς
1712 1728 1784 1789 ὡς

93 1813 219 1885 παρ’
268 1815 616 1879 ἀπαιδεύτοις
662 1817 966 1886 ὑπάρχειν]
1044 1815 1134 1868 καὶ
1183 1815 1506 1884 μεθεμένων
1555 1815 1782 1868 ἐκείνων

25 1918 70 1950 20
92 1905 187 1966 τὰς
224 1907 519 1975 βακτηρίας
551 1906 845 1975 δράκοντες
884 1902 1040 1973 ἦσαν.
1118 1905 1298 1973 <286>
1331 1907 1578 1972 Μωυσῆς
1619 1903 1668 1956 δ’
1717 1905 1782 1957 οὐ

92 1997 451 2060 καταπλαγείς
492 1991 638 2046 (οὐδ’
686 1994 850 2055 αὐτὸς
889 1992 1015 2061 μέν’
1057 1990 1241 2061 εἶπεν,
1282 1989 1350 2044 εὦ
1391 1996 1649 2061 βασιλεῦ,
1690 2003 1783 2062 τῆς

91 2082 412 2148 Αἰγυπτίων
468 2085 664 2151 σοφίας
713 2092 1060 2152 καταφρονῶ·
1118 2083 1325 2153 τοσῷδε
1375 2080 1561 2149 μέντοι
1607 2086 1782 2149 κρείτ-

91 2188 225 2221 τονα
264 2170 328 2221 τὰ
367 2167 457 2222 ὑπ’
498 2170 633 2238 ἐμοῦ
664 2173 1008 2239 πραττόμενα
1046 2178 1140 2238 τῆς
1178 2171 1388 2222 τούτων
1429 2174 1652 2237 μαγείας
1690 2170 1781 2223 καὶ

91 2255 282 2325 τέχνης
320 2261 490 2326 φημί,
530 2259 641 2331 ὅσῳ
681 2259 745 2310 τὰ
784 2264 913 2310 θεῖα
952 2268 1061 2310 τῶν
1102 2258 1474 2327 ἀνθρωπίνων
1515 2258 1779 2328 διαφέρει.

25 2358 69 2390 25
94 2343 252 2407 δείξω
306 2343 357 2397 δ’
418 2346 484 2398 οὐ
531 2348 665 2399 κατὰ
712 2350 967 2415 γοητείαν
1018 2346 1107 2399 καὶ
1147 2347 1361 2415 πλάνην
1402 2355 1495 2414 τῆς
1534 2346 1781 2414 ἀληθοῦς

93 2431 254 2500 δόξης
291 2432 451 2501 τάμά,
490 2435 625 2486 κατὰ
667 2432 726 2486 δὲ
764 2441 904 2488 θεοῦ
943 2438 1210 2504 πρόνοιαν
1250 2434 1340 2488 καὶ
1381 2436 1620 2503 δύναμιν
1660 2456 1779 2504 φαι-

90 2520 338 2588 νόμενα.’
402 2522 583 2590 <287>
607 2522 698 2575 καὶ
730 2521 877 2577 ταῦτ’
919 2525 1088 2576 εἰπὼν
1122 2528 1380 2592 μεθίησιν
1422 2522 1509 2575 ἐπὶ
1548 2531 1642 2591 τῆς
1681 2533 1779 2592 γῆς

90 2609 191 2676 τὴν
244 2612 574 2679 βακτηρίαν,
624 2613 883 2674 κελεύσας
929 2612 1101 2680 αὐτὴν
1148 2614 1224 2673 εἰς
1265 2614 1395 2681 ὄφιν
1435 2615 1776 2680 μεταβαλεῖν.

90 2696 124 2763 ἣ
165 2694 214 2749 δ’
262 2697 537 2766 ἐπείθετο,
583 2697 673 2751 καὶ
713 2701 806 2762 τὰς
843 2710 952 2752 τῶν
992 2703 1313 2768 Αἰγυπτίων
1352 2703 1670 2769 βακτηρίας,
1723 2704 1782 2753 αἳ

21 2799 68 2830 30
94 2785 387 2855 δράκοντες
437 2785 697 2856 ἐδόκουν,
743 2797 1032 2857 περιιοῦσα
1070 2790 1360 2856 κατήσθιε,
1408 2788 1563 2858 μέχρι
1603 2790 1778 2851 πάσας

211 2890 235 2939 ἓ
268 2890 354 2931 283
381 2909 435 2924 =
462 2886 607 2931 Exod.
639 2888 726 2931 VH
761 2894 827 2932 10.
