2052 3141
673 581 994 641 ΒΙΒΛΟΣ
1042 580 1324 639 ΤΡΙΤΗ.

275 725 380 793 <1>
407 725 739 795 Παραδόξου
768 722 827 777 δὲ
852 733 964 786 τοῖς
987 722 1261 793 Ἑβραίοις
1284 731 1377 792 τῆς
1403 727 1671 792 σωτηρίας
1705 724 1846 778 οὕτω
1877 729 1904 779 1

163 812 478 881 γενομένης,
519 815 713 876 δεινῶς
746 812 930 865 ἐλύπει
961 812 1127 864 πάλιν
1160 812 1376 879 αὐτούς,
1418 811 1721 881 ἀγομένους
1762 812 1848 866 ἐπὶ

161 903 222 954 τὸ
256 905 490 954 Σιναῖον
532 904 678 970 ὄρος,
716 901 748 968 ἡ
782 902 931 969 χώρα
963 899 1157 962 τελέως
1197 897 1333 953 οὖσα
1375 903 1572 970 ἔρημος
1610 900 1699 953 καὶ
1739 911 1849 954 τῶν

161 1009 217 1042 τε
271 992 407 1059 πρὸς
460 991 673 1059 τροφὴν
729 989 913 1051 αὐτοῖς
968 990 1204 1056 ἄπορος,
1260 992 1594 1052 σπανίζουσα
1647 987 1707 1041 δὲ
1759 989 1849 1042 καὶ

113 1077 360 1140 ὃῦδατος
414 1080 491 1140 είς
544 1079 881 1147 τοῦσχατον,
936 1076 1026 1129 καὶ
1077 1079 1148 1145 μὴ
1205 1080 1379 1145 μόνον
1432 1077 1749 1144 ἀνθρώποις
1799 1100 1850 1131 τι

161 1176 462 1236 παρασχεῖν
510 1166 729 1235 ἐνδεής,
777 1165 914 1218 ἀλλὰ
962 1164 1052 1218 καὶ
1100 1164 1224 1234 μηδ’
1273 1168 1406 1219 ἄλλο
1458 1186 1509 1218 τι
1548 1176 1658 1219 τῶν
1700 1164 1851 1238 ζςόων

163 1254 321 1323 ἱκανὴ
362 1257 605 1323 βόσκειν·
648 1255 874 1324 ψαφαρὰ
926 1254 1028 1321 γάρ
1072 1253 1210 1321 ἐστι,
1258 1252 1346 1306 καὶ
1388 1256 1619 1323 νοτερὸν
1661 1254 1712 1318 ἐξ
1755 1255 1851 1308 αὐ-

160 1350 254 1410 τῆς
299 1339 465 1395 οὐδὲν
507 1343 535 1394 ὅ
576 1362 626 1395 τι
676 1341 763 1395 καὶ
805 1351 977 1411 φῦσαι
1017 1344 1227 1410 καρπὸν
1269 1342 1511 1394 δύναιτο.
1590 1344 1850 1412 τοιαύτην

165 1427 214 1482 δ’
262 1425 436 1483 οὖσαν
485 1432 584 1499 τὴν
630 1432 812 1500 χώραν
862 1430 913 1494 ἐξ
956 1429 1195 1498 ἀνάγκης
1235 1431 1473 1498 ὥδευον,
1522 1428 1710 1500 ἑτέραν
1751 1431 1850 1484 άπ-

92 1533 134 1565 10
166 1522 353 1571 ελθεῖν
401 1518 501 1571 οὐκ
543 1520 773 1588 ἔχοντες.
853 1520 957 1586 <2>
1000 1516 1328 1586 ἐπεφέροντο
1379 1515 1427 1570 δ’
1476 1517 1533 1571 ἐκ
1584 1527 1677 1587 τῆς
1716 1537 1848 1589 προ-

162 1605 608 1676 ωδοιπορημένης
646 1607 797 1676 ὕδωρ
831 1614 930 1660 τοῦ
971 1615 1277 1675 στρατηγοῦ
1317 1610 1718 1676 κεκελευκότος,
1758 1607 1848 1660 καὶ

160 1695 360 1747 τούτου
380 1693 796 1763 δαπανηθέντος
821 1694 880 1747 ἐκ
898 1695 1151 1764 φρεάτων
1179 1694 1466 1747 ἐποιοῦντο
1492 1697 1593 1764 τὴν
1618 1697 1847 1765 ὑδρείαν

160 1781 431 1844 ἐπιπόνως
464 1783 554 1835 διὰ
587 1786 923 1851 σκληρότητα
955 1791 1048 1850 τῆς
1079 1790 1196 1850 γῆς·
1237 1781 1326 1834 καὶ
1359 1785 1419 1835 τὸ
1453 1783 1848 1853 εὑρισκόμενον

162 1867 222 1922 δὲ
260 1872 457 1939 πικρὸν
499 1868 615 1923 ἀλλ’
663 1871 729 1924 οὐ
761 1873 993 1939 πότιμον
1034 1867 1121 1938 ἧν,
1161 1868 1251 1922 καὶ
1290 1877 1451 1923 τοῦτο
1495 1868 1554 1923 δὲ
1597 1873 1847 1926 σπάνιον·

91 1973 132 2006 15
159 1959 265 2026 <3>
303 1957 666 2027 ἀφικνοῦνται
700 1955 759 2011 δὲ
792 1966 990 2012 τοῦτον
1023 1958 1312 2020 ὁδεύοντες
1343 1960 1440 2011 τὸν
1479 1962 1684 2028 τρόπον
1724 1960 1846 2030 περὶ

158 2047 345 2115 δείλην
386 2046 552 2109 ὀψίαν
592 2049 668 2110 εἰς
713 2048 875 2115 Μάρ,
922 2048 1018 2099 τὸν
1057 2049 1227 2099 τόπον
1276 2046 1418 2099 οὕτω
1468 2049 1560 2099 διὰ
1612 2050 1711 2117 τὴν
1750 2059 1848 2103 τοῦ

159 2135 359 2197 ὕδατος
404 2137 598 2188 κακίαν
648 2135 1017 2203 ὀνομάσαντες
1063 2134 1193 2205 (μὰρ
1242 2136 1344 2205 γὰρ
1384 2135 1417 2203 ἡ
1458 2140 1646 2205 πικρία
1697 2137 1846 2206 λέγε-

162 2222 300 2292 ται),
349 2222 438 2276 καὶ
479 2224 677 2276 αὐτόθι
715 2221 1248 2293 τεταλαιπωρημένοι
1286 2231 1360 2293 τῷ
1400 2243 1456 2275 τε
1498 2233 1718 2293 συνεχεῖ
1754 2234 1847 2293 τῆς

162 2310 478 2381 ὁδοιπορίας
524 2310 613 2364 καὶ
658 2319 720 2380 τῇ
767 2320 861 2380 τῆς
908 2319 1113 2380 τροφῆς
1164 2310 1365 2382 ἀπορίᾳ
1413 2310 1527 2382 (καὶ
1574 2313 1677 2381 γὰρ
1726 2312 1838 2366 τότ’

92 2414 136 2446 20
161 2399 361 2461 αὐτοὺς
414 2398 608 2461 τελέως
667 2398 1016 2470 ἐπιλελοίπει)
1072 2400 1414 2467 κατάγονται.
1510 2400 1613 2467 <4>
1667 2400 1842 2471 φρέαρ

160 2488 264 2556 γὰρ
304 2483 373 2555 ἦν
415 2486 525 2557 (διὸ
558 2485 648 2539 καὶ
680 2492 889 2555 μᾶλλον
922 2486 1167 2556 ἔμειναν)
1208 2484 1329 2540 οὐδ’
1376 2488 1507 2541 αὐτὸ
1548 2486 1649 2556 μὲν
1691 2488 1842 2558 ἐξαρ-

158 2585 275 2628 κεῖν
310 2575 622 2643 δυνάμενον
654 2577 896 2648 τοσούτῳ
930 2583 1159 2647 στρατῷ,
1198 2579 1458 2644 βραχεῖαν
1492 2574 1678 2644 μέντοι
1710 2595 1845 2646 παρ-

161 2662 287 2733 έχον
319 2663 504 2725 αὐτοῖς
536 2663 813 2732 εὐθυμίαν
847 2663 906 2716 ἐν
933 2663 1162 2725 ἐκείνοις
1192 2660 1423 2732 εὑρεθὲν
1455 2673 1568 2726 τοῖς
1599 2668 1844 2733 χωρίοις·

159 2753 249 2804 καὶ
299 2753 402 2819 γὰρ
451 2753 657 2820 ἤκουον
707 2753 852 2821 παρὰ
904 2761 1013 2804 τῶν
1065 2751 1478 2820 ἐξερευνώντων
1526 2749 1698 2821 μηδὲν
1751 2755 1845 2821 ἔμ-

277 2857 300 2905 ἓ
337 2857 360 2894 1
388 2874 443 2888 =
469 2852 614 2896 Exod.
648 2852 732 2895 XV
766 2857 835 2895 22.
