2052 3141
849 101 1114 141 HEMHTH
1720 105 1826 157 309

135 234 564 306 νηματισθέντες
601 237 709 290 ὑπὸ
742 245 850 289 τῶν
892 234 1291 304 δεδηλωμένων
1332 233 1490 305 ἦσαν,
1533 239 1709 306 (223)
1735 239 1825 291 καὶ

135 326 269 377 κατὰ
315 324 575 393 τετάρτην
626 325 860 392 μάλιστα
910 326 1164 393 φυλακὴν
1214 334 1455 395 προσῆγε
1503 327 1602 394 τὴν
1653 327 1824 381 αὑτοῦ

136 413 394 483 στρατιὰν
427 414 665 480 Γεδεών,
704 415 782 475 εἰς
821 416 942 482 τρία
979 412 1113 482 μέρη
1157 415 1354 466 διελὼν
1396 414 1588 482 αὐτήν·
1631 413 1825 469 ἑκατὸν

136 498 186 553 δ’
232 497 372 569 ἦσαν
436 500 495 553 ἐν
552 499 772 574 ἑκάστῳ.
867 501 1118 569 ἐκόμιζον
1174 499 1234 553 δὲ
1296 502 1493 565 πάντες
1548 502 1826 573 ἀμφορέας

89 603 111 635 5
134 592 328 652 κενοὺς
351 588 442 642 καὶ
468 590 753 658 λαμπάδας
777 589 1019 658 ἡμμένας
1045 589 1103 642 έν
1137 591 1343 658 αὐταῖς,
1384 592 1528 654 ὅπως
1560 594 1630 660 μὴ
1664 594 1823 645 κατά-

133 699 320 748 φωρος
358 687 473 740 τοϊς
511 678 854 747 πολεμίοιςὴ
890 680 1089 747 ἔφοδος
1129 679 1311 731 αὐτῶν
1352 678 1594 748 γένηται,
1634 679 1722 733 καὶ
1763 681 1823 734 έν

131 774 195 834 τῇ
237 766 388 836 δεξιᾷ
419 775 581 835 κριοῦ
612 765 791 835 κέρας·
835 766 1073 835 ἐχρῶντο
1116 763 1175 818 δὲ
1216 768 1391 839 τούτῳ
1432 767 1555 820 ἀντὶ
1596 769 1823 837 σάλπιγ-

132 874 241 920 γος.
312 855 490 921 (224)
523 858 727 924 χωρίον
769 852 828 907 δὲ
868 857 1009 907 πολὺ
1047 864 1255 924 κατεῖχε
1295 858 1355 908 τὸ
1395 866 1504 908 τῶν
1544 862 1822 926 πολεμίων

132 943 502 1011 στρατόπεδον
528 944 808 1011 (πλείστην
832 944 935 1011 γὰρ
962 943 1147 1005 αὐτοῖς
1171 939 1311 994 εἶναι
1338 943 1627 1012 συνέβαινε
1653 947 1823 1015 κάμη-

68 1046 110 1076 10
133 1031 284 1097 λον),
332 1028 422 1082 καὶ
462 1027 578 1083 κατ’
625 1033 764 1099 ἔθνη
813 1029 1145 1099 νεμηθέντες
1195 1028 1294 1099 ὑφ’
1344 1030 1425 1084 ἑνὶ
1465 1034 1646 1105 κύκλῳ
1687 1036 1820 1086 πάν-

129 1137 215 1179 τες
252 1115 409 1186 ἦσαν.
489 1120 669 1187 (225)
704 1120 761 1172 οἱ
790 1118 841 1171 δ’
881 1117 1145 1188 Ἑβραῖοι,
1185 1119 1586 1189 προειρημένον
1619 1122 1821 1188 αὐτοῖς,

130 1206 335 1259 ὁπόταν
375 1205 641 1274 γένωνται
681 1210 916 1275 πλησίον
949 1217 1058 1260 τῶν
1098 1210 1395 1276 πολεμίων,
1435 1208 1494 1261 ἐκ
1535 1214 1820 1279 συνθήμα-

129 1313 220 1356 τος
253 1294 511 1363 σάλπιγξί
537 1292 582 1347 τ’
621 1295 920 1364 ἠχήσαντες
951 1295 1039 1348 καὶ
1082 1298 1211 1358 τοὺς
1242 1296 1520 1366 ἀμφορέας
1557 1299 1821 1363 κατάξαν-

128 1402 239 1450 τες,
287 1383 521 1451 ὁρμῆσαι
562 1384 693 1451 μετὰ
740 1394 850 1436 τῶν
891 1384 1192 1452 λαμπάδων
1234 1383 1319 1436 ε’πὶ
1358 1389 1486 1448 τοὺς
1524 1392 1821 1456 πολεμιόυς

63 1487 103 1519 15
129 1470 492 1534 ἀλαλάξαντες
552 1470 642 1524 καὶ
702 1480 864 1524 νικᾶν
925 1478 1064 1525 θεοῦ
1127 1474 1367 1525 Γεδεῶνι
1422 1477 1818 1546 βοηθήσοντος,

126 1557 270 1613 τοῦτ’
321 1559 598 1628 ἐποίησαν.
679 1561 857 1628 (226)
898 1562 1103 1630 ταραχὴ
1149 1558 1209 1613 δὲ
1250 1562 1516 1630 λαμβάνει
1555 1567 1684 1626 τοὺς
1724 1565 1818 1617 ἀν-

125 1650 389 1716 θρώπους
429 1651 506 1701 ἔτι
544 1648 859 1710 ὑπνοῦντας
897 1648 985 1701 καὶ
1028 1651 1274 1718 δείματα·
1315 1650 1413 1714 νὺξ
1456 1653 1559 1721 γὰρ
1599 1649 1688 1720 ἧν,
1727 1653 1817 1706 καὶ

127 1737 154 1790 ὁ
194 1739 327 1799 θεὸς
372 1734 519 1790 τοῦτ’
571 1739 788 1805 ἤθελεν.
867 1737 1174 1791 ἐκτείνοντο
1228 1737 1279 1791 δ’
1336 1740 1513 1806 ὀλίγοι
1560 1738 1660 1809 μὲν
1708 1742 1815 1795 ὑπὸ

125 1835 234 1878 τῶν
273 1830 578 1895 πολεμίων,
630 1827 688 1879 οἱ
723 1823 783 1878 δὲ
822 1830 1045 1888 πλειόυς
1082 1827 1189 1880 ὑπὸ
1230 1836 1340 1879 τῶν
1381 1830 1682 1898 συμμάχων
1724 1833 1816 1883 διὰ

58 1928 102 1960 20
125 1916 184 1967 τὸ
239 1922 302 1983 τῇ
358 1915 569 1984 γλώττῃ
626 1916 944 1984 διαφωνεῖν.
1022 1915 1160 1978 ἅπαξ
1221 1912 1280 1968 δὲ
1328 1918 1687 1980 καταστάντες
1738 1921 1816 1982 είς

125 2004 367 2073 ταραχὴν
405 2011 515 2055 πᾶν
555 2005 614 2056 τὸ
654 2005 966 2073 προστυχὸν
1007 2002 1281 2074 ἀνῄρουν,
1320 2008 1633 2073 νομίζοντες
1672 2004 1813 2061 εἶναι

124 2089 404 2159 πολέμιον.
482 2092 661 2160 (227)
694 2095 865 2161 φόνος
899 2089 958 2144 δὲ
990 2095 1162 2155 πολὺς
1201 2089 1290 2161 ἦν,
1328 2092 1418 2146 καὶ
1458 2097 1640 2163 φήμης
1677 2099 1814 2166 πρὸς

124 2181 252 2241 τοὺς
298 2177 635 2249 Ἰσραηλίτας
686 2189 780 2249 τῆς
827 2182 1109 2243 Γεδεῶνος
1158 2185 1314 2250 νίκης
1366 2181 1700 2253 ἀφικομένης
1754 2185 1814 2238 ἐν

124 2276 238 2330 τοϊς
271 2267 458 2329 ὅπλοις
488 2264 648 2336 ἦσαν,
680 2267 770 2320 καὶ
796 2269 1086 2332 διώξαντες
1118 2270 1461 2338 λαμβάνουσι
1494 2274 1622 2334 τοὺς
1653 2278 1812 2326 πολε-

58 2368 101 2400 25
126 2359 284 2423 μίους
324 2354 383 2408 ἐν
423 2359 590 2428 κοίλῳ
630 2355 739 2409 τινὶ
778 2358 1074 2426 χαράδραις
1116 2359 1567 2431 περιειλημμένῳ,
1608 2361 1674 2413 οὐ
1717 2363 1813 2415 δυ-

123 2442 396 2512 ναμένους
429 2445 772 2513 διαπερᾶναι,
812 2449 1013 2517 χωρίῳ,
1053 2444 1142 2498 καὶ
1181 2447 1528 2515 περιστάντες
1566 2453 1810 2503 κτείνου-

126 2546 215 2584 σιν
266 2533 506 2593 ἄπαντας
556 2530 647 2584 καὶ
698 2533 798 2586 δύο
839 2543 948 2585 τῶν
997 2534 1303 2603 βασιλέων,
1339 2534 1586 2605 ’Ώρηβόν
1625 2558 1679 2590 τε
1719 2537 1810 2591 καὶ

126 2623 327 2689 Ζῆβον.
406 2621 584 2689 (228)
619 2621 677 2673 οἱ
711 2618 772 2673 δὲ
804 2621 986 2675 λοιποὶ
1018 2633 1127 2675 τῶν
1166 2623 1454 2692 ἡγεμόνων
1494 2628 1621 2687 τοὺς
1659 2644 1810 2695 περι-

124 2706 451 2778 λειφθέντας
489 2718 600 2762 τῶν
641 2720 986 2780 στρατιωτῶν
1025 2713 1251 2779 ἄγοντες
1298 2708 1460 2781 (ἦσαν
1502 2711 1550 2765 δ’
1599 2715 1670 2777 ὡς
1709 2715 1810 2783 μύ-

57 2810 102 2842 30
124 2817 234 2866 ριοι
273 2795 362 2849 καὶ
403 2796 814 2869 ὀκτακισχίλιοι)
868 2802 1391 2868 στρατοπεδεύονται
1438 2804 1625 2871 πόρρω
1666 2806 1808 2856 πολὺ

244 2901 268 2949 ς
301 2901 384 2940 223
413 2919 468 2933 =
492 2897 635 2943 Iudic.
670 2899 756 2942 VH
791 2906 856 2943 16.
