1975 3111
879 81 1089 124 ΠΡῼΤΗ
1758 82 1827 134 39

137 215 352 276 τούτοις
398 210 539 266 εἶναι
588 224 701 276 τοῖς
746 225 946 277 κακοῖς.
1025 215 1204 283 <19Ο>
1252 216 1680 285 παρακούσασαν
1728 214 1828 284 μὲν

140 298 242 355 οὖν
289 311 387 355 τοῦ
433 308 574 355 θεοῦ
620 300 711 354 καὶ
758 301 1086 372 προσωτέρω
1138 313 1429 373 χωροῦσαν
1470 306 1655 373 ἔλεγεν
1697 304 1828 358 ἀπο-

138 395 384 458 λεῑσθαι,
431 393 778 458 νοστήσασαν
820 389 868 443 δ’
916 391 1089 460 αὐτὴν
1144 380 1316 445 ὀπίσω
1357 394 1690 460 γενήσεσθαι
1730 413 1828 461 μη-

137 477 263 547 τέρα
313 480 509 541 παιδὸς
554 487 647 546 τῆς
692 487 790 546 γῆς
839 478 1047 548 ἐκείνης
1098 481 1537 549 βασιλεύσοντος.
1614 482 1828 544 τούτοις

93 582 114 614 5
141 571 408 635 πείθεται,
447 565 537 620 καὶ
568 567 951 621 ἐπανελθοῦσα
978 570 1114 637 πρὸς
1135 572 1264 631 τοὺς
1291 570 1556 631 δεσπότας
1581 571 1827 637 συγγνώ-

136 677 239 725 μης
271 659 439 726 ἔτυχε.
488 660 654 708 τίκτει
682 653 739 708 δὲ
773 653 886 725 μετ’
919 656 985 709 οὐ
1009 660 1151 709 πολὺ
1185 655 1492 725 Ἰσμάηλον·
1519 660 1827 711 θεόκλυτον

136 745 204 797 ἄν
244 764 324 807 τις
362 750 532 809 εἴποι,
573 746 664 796 διὰ
703 747 764 797 τὸ
805 746 1123 798 εἰσακοῦσαι
1163 748 1259 799 τὸν
1298 748 1436 798 θεὸν
1475 754 1569 813 τῆς
1611 747 1825 808 ἱκεσίας.

247 833 428 900 <191>
457 829 707 904 Ἀβράμῳ
742 830 841 900 μὲν
868 829 969 885 οὖν
1006 833 1163 886 ἕκτον
1195 835 1299 902 ἤδη
1334 833 1423 886 καὶ
1456 834 1826 903 ὀγδοηκοστὸν
1860 849 1884 888 5

134 923 252 983 ἔτος
289 923 543 988 γεγονότι
576 921 604 973 ὁ
638 920 1034 989 προειρημένος
1075 921 1371 990 ἐγεννήθη
1413 924 1489 984 εἰς
1530 926 1724 976 ἔνατον
1766 921 1818 976 δ’

68 1023 110 1055 10
134 1009 278 1080 αὐτῷ
335 1008 426 1062 καὶ
481 1007 843 1077 ἐνενηκοστὸν
897 1013 1235 1076 παρελθόντι
1292 1010 1572 1079 ἐπιφανεὶς
1618 1011 1646 1064 ὁ
1694 1014 1826 1073 θεὸς

133 1097 463 1166 ἀπήγγειλεν
511 1098 584 1160 ὡς
629 1107 756 1160 παῖς
796 1097 942 1168 αὐτῷ
984 1097 1074 1150 καὶ
1116 1098 1174 1150 ἐκ
1215 1098 1438 1167 Σάρρας
1478 1102 1672 1152 ἔσοιτο.
1743 1120 1826 1152 κε-

133 1187 280 1238 λεύει
329 1184 379 1238 δ’
427 1186 594 1239 αὐτὸν
634 1185 857 1239 καλέσαι
885 1185 1131 1254 Ἴσακον,
1181 1188 1364 1255 δηλῶν
1415 1187 1647 1256 ἐσόμενα
1688 1190 1824 1256 ε”θνη

133 1275 339 1342 μεγάλα
380 1272 468 1326 ἀπ’
517 1275 687 1327 αὐτοῦ
728 1273 818 1326 καὶ
858 1278 1127 1343 βασιλεῖς,
1167 1274 1257 1327 καὶ
1301 1276 1383 1328 ὅτι
1422 1279 1827 1345 πολεμήσαντες

132 1361 430 1426 καθέξουσι
470 1365 569 1431 τὴν
613 1366 931 1415 Χαναναίαν
971 1365 1187 1416 ἅπασαν
1228 1364 1333 1417 ἀπὸ
1375 1366 1629 1427 Σιδῶνος
1668 1364 1825 1434 μέχρι

67 1464 108 1497 15
132 1453 434 1519 Αἰγύπτου.
515 1452 694 1519 <192>
749 1449 1042 1520 προσέταξε
1093 1450 1186 1520 δέ,
1235 1456 1572 1521 βουλόμενος
1618 1455 1678 1505 τὸ
1728 1452 1817 1506 ἀπ’

132 1541 302 1593 αὐτοῦ
327 1538 485 1607 γένος
511 1538 695 1607 μένειν
719 1548 832 1601 τοῖς
864 1540 1050 1602 ἄλλοις
1082 1542 1153 1608 μὴ
1188 1544 1636 1609 συμφυρόμενον,
1675 1558 1824 1610 περι-

131 1628 429 1696 τέμνεσθαι
483 1629 547 1680 τά
603 1629 820 1695 αἰδοῖα,
870 1627 960 1680 καὶ
1010 1637 1171 1681 τοῦτο
1223 1638 1400 1681 ποιεῖν
1442 1629 1611 1698 ὀγδόῃ
1651 1627 1824 1700 ἡμέρα

132 1718 264 1785 μετὰ
326 1719 385 1770 τὸ
441 1721 798 1784 γεννηθῆναι.
877 1719 976 1785 τὴν
1033 1719 1212 1769 αἰτίαν
1269 1715 1329 1769 δὲ
1379 1725 1473 1785 τῆς
1533 1726 1825 1787 περιτομῆς

130 1805 286 1873 ἡμῶν
319 1804 379 1857 ἐν
410 1806 598 1867 ἄλλοις
630 1806 876 1873 δηλώσω.
942 1805 1121 1873 <193>
1148 1805 1448 1878 πυθομένῳ
1483 1803 1543 1858 δὲ
1572 1804 1822 1879 Ἁβράμῳ

66 1907 110 1940 20
132 1893 223 1946 καὶ
276 1893 401 1962 περὶ
454 1902 555 1947 τοῦ
604 1890 896 1962 Ἰσμαήλου
951 1895 1002 1945 εἰ
1050 1895 1293 1960 ζήσεται,
1354 1897 1725 1963 πολυχρόνιόν
1771 1893 1815 1946 τ’

131 1982 500 2051 ἀπεσήμαινεν
541 1982 569 2035 ὁ
609 1984 742 2044 θεὸς
781 1981 871 2034 καὶ
911 1982 1164 2050 μεγάλων
1214 1981 1398 2034 ἐθνῶν
1437 1981 1656 2053 πατέρα.
1733 1982 1823 2035 καὶ

118 2069 395 2139 ’Ἀβραμος
434 2067 535 2138 μὲν
584 2068 672 2122 ἐπὶ
711 2071 927 2132 τούτοις
974 2070 1366 2139 εὐχαριστήσας
1404 2078 1477 2141 τῷ
1517 2077 1633 2142 θεῷ
1673 2089 1822 2140 περι-

129 2158 378 2227 τέμνεται
417 2161 753 2228 παραυτίκα,
804 2157 895 2211 καὶ
933 2159 1131 2221 πάντες
1171 2160 1228 2212 οἱ
1262 2156 1387 2227 παρ’
1435 2159 1611 2230 αὐτῷ,
1662 2158 1753 2211 καὶ
1793 2160 1821 2212 ὁ

131 2257 257 2309 παῖς
289 2245 602 2314 Ἰσμάηλος,
654 2243 721 2299 οὗ
767 2244 883 2298 κατ’
931 2246 1147 2314 ἐκείνην
1195 2248 1296 2314 τὴν
1335 2244 1543 2315 ἡμέραν
1582 2262 1822 2315 τρισκαι-

67 2347 109 2379 25
134 2334 362 2387 δέκατον
403 2337 520 2396 ἔτος
552 2337 773 2403 ἔχοντος
805 2335 967 2396 αὐτὸς
1008 2335 1369 2402 ἐνενηκοστὸν
1409 2336 1545 2403 πρὸς
1583 2344 1696 2396 τοῖς
1737 2334 1822 2386 ἐν-

131 2421 229 2475 νέα
271 2423 473 2490 διῆγεν.

244 2511 424 2577 <194>
477 2509 585 2562 ὑπὸ
642 2511 709 2578 δὴ
764 2519 964 2564 τοῦτον
1010 2513 1107 2563 τὸν
1154 2512 1348 2580 καιρὸν
1396 2511 1453 2562 οἱ
1498 2511 1906 2579 Σοδομῖται,11

131 2601 350 2671 πλούτῳ
391 2596 482 2650 καὶ
520 2596 742 2666 μεγέθει
782 2599 1074 2667 χρημάτων
1113 2599 1610 2668 ὑπερφρονοῦντες,
1650 2603 1728 2660 εἴς
1765 2597 1813 2651 τ’

134 2687 466 2757 ἀνθρώπους
504 2682 646 2754 ἦσαν
685 2686 939 2755 ὑβρισταὶ
979 2686 1068 2739 καὶ
1107 2688 1243 2756 πρὸς
1289 2689 1349 2739 τὸ
1389 2692 1550 2740 θεῖον
1591 2685 1822 2755 ἀσεβεῖς,

67 2789 110 2822 30
134 2776 207 2838 ὡς
238 2773 426 2844 μηκέτι
458 2779 770 2842 μεμνῆσθαι
803 2785 912 2827 τῶν
950 2772 1076 2843 παρ’
1116 2775 1287 2827 αὐτοῦ
1326 2773 1640 2843 γενομένων
1682 2775 1821 2845 ὠφε-

253 2881 277 2928 ξ
312 2880 393 2919 191
422 2897 478 2912 =
505 2874 615 2919 Gen.
650 2875 735 2918 XV
771 2881 848 2928 183
898 2876 1027 2919 XVII
1059 2879 1100 2919 8.
