1975 3111
91 591 111 624 5

70 1033 112 1064 10

70 1475 109 1507 15

70 1917 112 1948 20

70 2356 112 2388 25

874 92 1085 134 ΠΡῼΤΗ
1756 92 1780 141 1
1793 91 1819 141 1

137 227 346 295 σχύνην
384 225 665 295 ὕπαιθρον
705 227 919 295 ἔχοντες
960 223 1165 293 σκέπην
1205 224 1391 287 αὑτοῖς
1431 223 1719 279 ἐπενόουν·
1760 228 1820 278 τὸ

136 315 240 382 γὰρ
298 316 475 383 φυτὸν
534 312 790 381 ὀξύτητος
847 312 937 365 καὶ
993 315 1241 375 διανοίας
1292 313 1516 384 ὑπῆρχε.
1593 315 1824 383 φύλλοις

137 398 240 455 οὗν
280 400 508 464 ἑαυτοὺς
548 409 715 469 συκῆς
755 400 1086 468 ἐσκέπασαν,
1125 400 1218 453 καὶ·
1255 410 1423 454 ταῦτα
1462 404 1567 471 πρὸ
1608 411 1702 470 τῆς
1742 405 1822 454 oci-

137 492 269 553 δοῦς
307 493 745 559 προβαλλόμενοι
786 494 996 558 μᾶλλον
1043 488 1276 542 ἐδόκουν
1327 489 1704 558 εὐδαιμονεῖν,
1753 492 1825 553 ὡς

137 574 215 632 ὧν
259 583 528 649 πρότερον
576 579 868 642 ἐσπάνιζον
914 579 1183 647 εὑρόντες.
1262 578 1406 646 <45>
1447 588 1544 632 τοῦ
1583 584 1722 632 θεοῦ
1764 576 1816 631 δ’

134 669 213 729 είς
250 669 346 721 τὸν
392 675 568 735 κῆπον
617 667 879 728 ἐλθόντος
919 667 947 719 ὁ
988 663 1088 734 μὲν
1126 665 1386 735 Ἄδαμος,
1437 669 1708 735 πρότερον
1748 670 1825 730 εἰς

135 756 356 823 ὁμιλίαν
409 756 554 827 αὐτῷ
610 764 853 824 φοιτῶν,
910 755 1176 816 συνειδὼς
1229 752 1403 826 ἑαυτῷ
1454 757 1553 823 τὴν
1605 755 1824 809 ἀδικίαν

133 844 422 913 ὑπεχώρει·
474 846 571 896 τὸν
624 841 684 895 δὲ
734 846 872 896 θεὸν
921 842 1116 906 ἐξένιζε
1169 845 1228 895 τὸ
1277 847 1683 913 πραττόμενον,
1734 844 1825 897 καὶ

132 934 233 1001 τὴν
273 934 453 985 αἰτίαν
495 931 865 999 ἐπυνθάνετο,
915 928 987 983 δι’
1034 931 1104 999 ἣν
1143 934 1413 999 πρότερον
1452 933 1722 1000 ἡδόμενος
1761 941 1823 1002 τῇ

134 1023 270 1091 πρὸς
309 1021 477 1075 αὐτὸν
511 1022 696 1092 ὁμιλία
728 1030 832 1074 νῦν
865 1022 1058 1089 φεύγει
1098 1021 1301 1088 ταύτην
1342 1020 1431 1073 καὶ
1471 1025 1824 1089 περιίσταται.

136 1111 280 1178 <46>
320 1119 419 1163 τοῦ
460 1107 520 1162 δὲ
553 1106 726 1178 μηδὲν
758 1107 1148 1178 φθεγγομένου
1191 1110 1281 1161 διὰ
1322 1111 1382 1161 τὸ
1425 1112 1825 1177 συγγινώσκειν

136 1196 308 1269 ἑαυτῷ
349 1198 655 1268 παραβάντι
701 1198 801 1265 τὴν
841 1205 939 1250 τοῦ
979 1203 1118 1250 θεοῦ
1151 1197 1478 1265 πρόσταξιν,
1520 1196 1657 1251 (ἀλλ’
1706 1199 1826 1268 ἐμοὶ

134 1284 252 1355 μέν’
294 1283 444 1339 εἶπεν
478 1288 506 1340 ὁ
539 1289 671 1348 θεός
711 1285 971 1353 (ἔγνωστο
1019 1284 1143 1353 περὶ
1183 1285 1340 1353 ὑμῶν
1391 1286 1534 1348 ὅπως
1573 1290 1700 1355 βιόν
1739 1288 1826 1339 εὐ-

137 1377 372 1443 δαίμονα
421 1373 512 1426 καὶ
562 1383 733 1427 κακοῦ
784 1376 986 1436 παντὸς
1039 1373 1225 1442 ἀπαθῆ
1279 1376 1535 1442 βιώσετε,
1587 1371 1826 1447 μηδεμιᾷ

135 1463 448 1531 ξαινόμενοι
488 1464 587 1531 τὴν
618 1463 802 1531 ψυχὴν
835 1464 1111 1530 φροντίδι,
1150 1462 1373 1515 πάντων
1407 1460 1455 1514 δ’
1495 1463 1627 1531 ὑμῖν
1668 1464 1826 1517 αὐτο-

135 1553 338 1621 μάτων,
379 1552 480 1603 ὅσα
512 1553 647 1620 πρὸς
679 1550 986 1603 ἀπόλαυσιν
1018 1549 1108 1602 καὶ
1142 1551 1352 1618 ἡδονὴν
1386 1556 1652 1620 συντελεῖ,
1692 1554 1826 1605 κατὰ

134 1643 234 1709 τὴν
284 1640 419 1709 ἐμὴν
469 1639 740 1692 ἀνιόντων
787 1642 1081 1708 πρόνοιαν,
1128 1638 1295 1708 χωρὶς
1341 1638 1609 1709 ὑμετέρου
1650 1643 1825 1693 πόνου

134 1728 225 1782 καὶ
264 1731 657 1797 ταλαιπωρίας,
707 1723 783 1779 ὧν
830 1731 1123 1797 παρόντων
1171 1729 1341 1797 γῆράς
1379 1748 1435 1780 τε
1476 1734 1684 1782 θᾶττον
1726 1729 1826 1782 οὐκ

135 1818 204 1871 ἂν
238 1816 462 1870 ἐπέλθοι
495 1815 586 1869 καὶ
618 1818 678 1869 τὸ
714 1819 807 1884 ζῆν
840 1819 1051 1884 μακρὸν
1082 1816 1215 1885 ὑμῖν
1256 1815 1485 1883 γένοιτο.
1551 1817 1694 1885 <47>
1721 1826 1826 1870 νῦν

139 1904 187 1959 δ’
234 1908 312 1968 εἰς
349 1907 553 1973 ταύτην
586 1925 693 1973 μου
726 1906 826 1973 τὴν
860 1906 1085 1973 γνώμην
1127 1904 1438 1974 ἐνύβρισας,
1478 1907 1828 1973 παρακούσας

134 2005 243 2048 τῶν
277 1994 423 2063 ἐμῶν
450 1993 709 2047 ἐντολῶν·
744 1994 811 2047 οὐ
844 1994 947 2061 γὰρ
975 1990 1053 2045 ἐπ’
1087 1991 1248 2062 ἀρετῇ
1281 1994 1382 2060 τὴν
1415 1996 1627 2062 σιωπὴν
1659 1997 1827 2063 ἄγεις,

136 2081 273 2151 ἀλλ’,
301 2081 388 2135 ἐπὶ
437 2083 714 2135 συνειδότι
765 2080 1027 2153 πονηρῷ.’
1106 2081 1247 2148 <48>
1275 2080 1516 2150 ’Ἁδαμος
1556 2080 1617 2135 δὲ
1656 2101 1826 2154 παρῃ-

134 2182 276 2225 τεῖτο
315 2179 408 2239 τῆς
448 2170 711 2239 ἁμαρτίας
750 2171 938 2237 αὑτόν,
978 2168 1067 2222 καὶ
1107 2170 1402 2239 παρεκάλει
1439 2173 1537 2224 τὸν
1575 2173 1713 2224 θεὸν
1753 2174 1824 2240 μὴ

136 2265 485 2329 χαλεπαίνειν
536 2259 710 2330 αὐτῷ,
757 2261 858 2327 τὴν
898 2267 1132 2326 γυναῖκα
1179 2267 1277 2311 τοῦ
1317 2262 1607 2326 γεγονότος
1647 2260 1827 2312 αἰτιώ-

137 2367 299 2416 μενος
330 2346 420 2399 καὶ
453 2345 630 2414 λέγων
654 2345 744 2399 ὑπ’
777 2348 944 2416 αὐτῆς
969 2345 1326 2415 ἐξαπατηθεὶς
1359 2347 1635 2415 ἁμαρτεῖν.
1685 2347 1826 2415 <49>

135 2436 168 2503 ἣ
211 2433 260 2488 δ’
308 2431 377 2488 αὖ
417 2438 704 2504 κατηγόρει
745 2444 842 2488 τοῦ
883 2437 1074 2504 ὄφεως.
1154 2436 1182 2489 ὁ
1224 2432 1285 2488 δὲ
1323 2437 1455 2496 θεὸς
1493 2436 1692 2502 ἥττονα
1732 2455 1827 2503 γυ-

135 2528 377 2587 ναικείας
402 2527 738 2592 συμβουλίας
763 2525 930 2577 αὐτὸν
964 2527 1266 2593 γενόμενον
1298 2525 1545 2577 ὑπετίθει
1577 2527 1828 2595 τιμωρία,

136 2615 237 2681 τὴν
276 2621 380 2682 γῆν
420 2611 603 2666 οὐκέτι
643 2610 742 2680 μὲν
783 2610 950 2666 οὐδὲν
1000 2613 1186 2675 αὐτοῖς
1232 2623 1341 2665 τῶν
1383 2611 1575 2679 ἑαυτῆς
1614 2611 1828 2664 ἀναδώ-

139 2715 256 2754 σειν
288 2702 603 2770 αὐτομάτως
642 2702 830 2769 είπών,
868 2710 1104 2754 πονοῦσι
1138 2698 1198 2753 δὲ
1230 2700 1320 2754 καὶ
1353 2709 1466 2762 τοῖς
1497 2702 1677 2768 ε”ργοις
1715 2719 1828 2769 τρι-

69 2799 115 2831 30
139 2788 394 2858 βομένοις
424 2790 488 2841 τὰ
521 2788 621 2857 μὲν
653 2787 908 2857 παρέξειν
939 2799 1049 2842 τῶν
1082 2787 1131 2841 δ’
1173 2789 1273 2842 οὐκ
1305 2788 1574 2852 ἀξιώσειν.
1643 2787 1828 2841 Εὐέαν

256 2894 280 2942 ἓ
313 2893 369 2933 45
397 2912 451 2926 =
476 2889 589 2933 Gen.
620 2889 687 2932 III
719 2895 758 2933 8.
