2052 3141
132 1006 184 1044 12

217 63 323 116 293
828 63 1280 104 ΑΡΧΑΙοΛοΓΙΑΣ

217 201 384 262 ἄλλας
422 208 531 251 τῶν
563 201 906 265 Βενιαμιτῶν
937 198 1122 257 πόλεις
1159 195 1328 247 ταύτὰ
1368 196 1590 264 δρῶσιν.
1668 195 1809 248 οὕτω
1849 194 1894 248 τ’

218 285 357 356 ἦσαν
397 283 839 355 παρωργισμένοι
880 284 951 345 ὡς
989 282 1079 335 καὶ
1112 281 1370 350 Ἰάβισον,
1408 290 1503 351 τῆς
1542 285 1903 346 Γαλαδίτιδος

219 372 418 442 οὖσαν,
466 375 548 426 ὅτι
588 375 660 442 μὴ
702 375 1107 441 συμμαχήσειεν
1160 371 1347 432 αὐτοῖς
1384 373 1519 423 κατὰ
1558 381 1668 424 τῶν
1707 375 1902 424 Βενια-

218 474 408 532 μιτῶν,
438 461 746 530 πέμψαντες
771 464 1002 531 μυρίους
1026 458 1115 512 καὶ
1142 461 1443 528 δισχιλίους
1469 459 1527 512 ἐκ
1559 471 1668 513 τῶν
1701 460 1903 524 τάξεων

219 551 509 605 ἐκέλευσαν
560 550 792 602 ἀνελεῖν.
869 550 1045 615 <165>
1086 546 1175 600 καὶ
1215 549 1518 616 φονεύουσι
1567 551 1626 601 τὸ
1667 549 1903 618 μάχιμον

217 649 310 709 τῆς
363 643 572 701 πόλεως
626 639 683 691 οἱ
732 635 1075 706 πεμφθέντες
1123 639 1226 688 σὺν
1276 634 1483 698 τέκνοις
1529 635 1618 689 καὶ
1670 637 1904 704 γυναιξί,

216 731 360 797 πλὴν
392 730 758 797 τετρακοσίων
789 723 1100 794 παρθένων.
1180 723 1265 776 ἐπὶ
1305 733 1570 778 τοσοῦτον
1609 723 1700 776 ὑπ’
1742 726 1906 793 ὀργῆς

217 819 606 886 προήχθησαν,
657 822 731 885 τῷ
773 814 908 865 κατὰ
947 814 1046 880 τὴν
1088 821 1320 879 γυναῖκα
1359 813 1526 864 πάθει
1565 816 1906 881 προσλαβόν-

217 925 302 967 τες
342 903 431 956 καὶ
470 906 529 956 τὸ
570 904 703 955 κατὰ
745 904 843 970 τὴν
883 901 1167 968 ἀναίρεσιν
1207 911 1316 952 τῶν
1358 901 1610 954 ὁπλιτῶν.

331 993 510 1059 <166>
552 992 811 1060 μετάνοια
845 988 892 1042 δ’
934 990 1133 1051 αὐτοὺς
1173 990 1437 1057 λαμβάνει
1478 998 1569 1057 τῆς
1608 1000 1716 1042 τῶν
1748 993 1906 1042 Βενι-

220 1091 426 1149 αμιτῶν
462 1088 765 1149 συμφορᾶς,
805 1078 894 1130 καὶ
940 1081 1196 1146 νηστείαν
1240 1076 1319 1129 ἐπ’
1361 1078 1547 1140 αὐτοῖς
1583 1077 1906 1146 προέθεντο,

218 1173 393 1222 καίτοι
428 1171 611 1221 δίκαια
643 1173 846 1220 παθεῖν
881 1167 1079 1228 αὐτοὺς
1112 1165 1390 1229 ἀξιοῦντες
1420 1168 1497 1227 εἰς
1536 1169 1665 1228 τοὺς
1706 1170 1908 1235 νόμους

220 1257 705 1326 ἐξαμαρτάνοντας.
784 1254 872 1307 καὶ
913 1258 1041 1316 τοὺς
1093 1256 1464 1322 διαφυγόντας
1504 1255 1684 1306 αὐτῶν
1726 1253 1908 1318 ἑξακο-

220 1350 373 1407 σιόυς
413 1347 503 1397 διὰ
549 1348 899 1414 πρεσβευτῶν
940 1343 1192 1395 ε’κάλουν·
1248 1344 1585 1409 καθίδρυντο
1628 1344 1729 1411 γὰρ
1771 1341 1907 1411 ὑπὲρ

219 1433 415 1502 πέτρας
448 1436 595 1495 τινὸς
620 1432 771 1495 Ῥοᾶς
796 1430 1135 1499 καλουμένης
1167 1433 1300 1483 κατὰ
1334 1433 1432 1499 τὴν
1466 1434 1684 1499 ἔρημον.
1727 1433 1906 1498 <16ῖ>

221 1524 277 1576 οἱ
315 1520 373 1575 δὲ
413 1521 691 1590 πρέσβεις,
745 1522 816 1582 ὡς
856 1520 955 1573 οὐκ
998 1519 1225 1581 ἐκείνοις
1265 1528 1355 1587 τῆς
1397 1528 1681 1588 συμφορᾶς
1720 1523 1910 1588 μόνοις

220 1609 584 1679 γεγενημένης
623 1609 760 1661 ἀλλὰ
801 1607 888 1660 καὶ
930 1608 1115 1669 αὐτοῖς
1155 1618 1263 1659 τῶν
1305 1618 1590 1675 συγγενῶν
1630 1608 1908 1661 ἀπολωλό-

221 1720 329 1751 των
372 1699 721 1766 ὀὸυρόμενοι,
761 1698 944 1764 πράως
986 1700 1213 1749 ἔπειθον
1253 1695 1442 1764 φέρειν
1484 1696 1572 1748 καὶ
1613 1701 1907 1749 συνελθεῖν

220 1790 296 1850 είς
328 1787 513 1853 ταύτό,
546 1786 633 1838 καὶ
667 1789 737 1855 μὴ
772 1791 1007 1852 παντελῆ
1043 1793 1135 1852 τῆς
1168 1787 1550 1853 Βενιαμίτιδος
1583 1791 1759 1853 φυλῆς
1792 1787 1907 1838 ὄλε-

219 1882 363 1943 θρον
404 1878 463 1927 τό
497 1873 546 1942 γ’
588 1872 668 1926 ἐπ’
709 1875 894 1936 αὐτοῖς
933 1877 1440 1942 καταψηφίσασθαι·
1485 1874 1908 1943 (συγχωροῦμεν
1933 1889 1951 1918 2

221 1962 269 2016 δ’
317 1964 474 2032 ὑμῑ’ν’
510 1966 700 2030 ε”λεγον
743 1964 866 2030 ’τὴν
901 1963 1109 2030 ἁπάσης
1142 1972 1234 2029 τῆς
1273 1967 1450 2029 φυλῆς
1492 1971 1592 2030 γῆν
1627 1962 1713 2014 καὶ
1756 1966 1906 2014 λείαν

221 2053 356 2120 ὅσην
412 2052 480 2104 ἂν
536 2053 689 2119 ἄγειν
739 2051 1057 2119 δυνηθῆτε.’
1146 2051 1323 2116 <168>
1374 2054 1429 2103 οἳ
1474 2049 1566 2105 δέ.
1619 2061 1726 2103 τῶν
1776 2049 1902 2102 καθ’

222 2139 449 2203 ἑαυτοὺς
495 2147 634 2192 θεοῦ
684 2143 848 2211 ψήφῳ
899 2142 1205 2206 γεγονότων
1254 2137 1337 2189 καὶ
1393 2137 1506 2190 κατ’
1554 2139 1771 2191 ἀδικίαν
1813 2141 1909 2206 τὴν

222 2230 424 2295 αὐτῶν,
466 2232 978 2297 γνωσιμαχήσαντες
1012 2235 1250 2294 κατῇσαν
1283 2229 1360 2288 είς
1400 2229 1498 2294 τὴν
1538 2228 1767 2293 πάτριον
1806 2248 1909 2295 φυ-

223 2320 324 2385 λὴν
357 2321 680 2385 πειθόμενοι
715 2327 826 2378 τοῖς
857 2314 1339 2383 προκαλουμένοις.
1419 2317 1474 2367 οἵ
1497 2313 1544 2366 δ’
1585 2313 1907 2383 Ἰσραηλῖται
1935 2350 1951 2359 -

224 2416 485 2473 γυναῖκας
518 2406 703 2467 αὐτοῖς
729 2406 821 2466 τας
854 2408 1202 2471 τετρακοσίας
1235 2406 1434 2456 ἔδοσαν
1466 2403 1780 2470 παρθένους
1819 2405 1912 2465 τὰς

218 2494 526 2563 Ἰαβίτιδας,
566 2492 689 2561 περὶ
718 2491 775 2545 δὲ
805 2503 912 2545 τῶν
940 2495 1236 2544 διακοσίων
1264 2492 1533 2544 ἐσκόπουν
1560 2493 1704 2554 ὅπως
1736 2491 1909 2543 κακεῖ-

226 2604 310 2635 νοι
345 2593 623 2649 γυναικῶν
656 2583 1056 2649 εὐπορήσαντες
1088 2584 1532 2632 παιδοποιῶνται.
1613 2582 1790 2646 <11ἱ9>
1827 2599 1909 2647 γε-

225 2670 540 2740 γενημένων
597 2669 645 2722 δ’
704 2671 888 2731 αὐτοῖς
944 2671 1123 2736 ὅρκων
1178 2670 1312 2720 ὥστε
1370 2667 1558 2736 μηδενὶ
1621 2671 1910 2736 Βενιαμίτῃ

1933 1005 1974 1036 10

1935 1447 1975 1477 15

225 2762 533 2811 συνοικίσαι.
574 2757 870 2825 θυγατέρα,
910 2760 1014 2824 προ
1057 2765 1152 2809 τοῦ
1186 2754 1445 2823 πολέμου.
1486 2759 1542 2807 οἳ
1578 2753 1677 2823 μὲν
1718 2756 1908 2822 ὀλιγω-
1934 2766 1977 2797 30

348 2864 370 2911 ξ
408 2864 485 2901 164
516 2881 566 2894 =
600 2858 737 2901 ludio.
776 2858 873 2901 XXI
916 2864 978 2900 10.

1989 206 1996 232 1
