2052 3141
198 125 303 177 228
807 125 1260 167 ΑΡΧΑΙοΛοΓΙΑΣ

196 261 296 328 τὴν
344 262 520 327 μόνην
573 258 704 326 ἡμῖν
752 256 1041 324 ἀξιόλογον
1090 263 1481 326 νομισθεῖσαν,
1530 259 1881 329 ἀγαπήσομεν

195 350 293 401 τὸν
325 344 450 415 μεθ’
481 347 639 414 ὑμῶν
671 349 796 413 βίον
829 347 901 407 ὡς
940 345 1166 414 γαμεταὶ
1206 348 1477 399 διανύσαι.
1554 349 1733 415 <136>
1762 348 1883 411 δέος

196 437 299 504 γὰρ
333 437 404 503 μὴ
438 434 528 487 καὶ
559 437 727 503 κόρον
761 442 852 502 τῆς
876 432 1135 502 ἡμετέρας
1163 435 1376 502 ὁμιλίας
1407 439 1668 504 λαβόντες
1699 435 1875 489 ἔπειθ’

195 524 455 591 ὑβρίσητε
504 520 593 574 καὶ
640 521 864 590 ἀτίμους
911 520 1260 590 ἀποπέμψητε
1307 524 1443 591 πρὸς
1492 526 1620 586 τοὺς
1658 524 1880 592 γονεῖς.’

198 611 595 678 συγγινώσκειν
634 629 689 662 τε
729 618 896 662 ταῦτα
936 607 1369 678 φυλαττομέναις
1407 609 1613 677 ἠξίουν.
1675 621 1784 664 τῶν
1824 610 1873 664 δ’

196 699 265 766 ἣν
305 700 601 767 βούλονται
640 701 823 750 πίστιν
873 698 1072 750 δώσειν
1123 698 1574 766 ὁμολογούντων,
1621 698 1710 751 καὶ
1747 702 1883 767 πρὸς

197 784 369 855 μηδὲν
395 786 793 854 ἀντιλεγόντων
818 786 923 838 ὑπὸ
949 794 1048 838 τοῦ
1072 788 1208 855 πρὸς
1233 785 1397 848 αὐτὰς
1427 787 1662 855 πάθους,
1702 788 1881 855 <137>

197 873 341 927 (ἐπεὶ
372 873 557 927 ταῦτα’
606 877 815 943 ἔφασαν
855 874 1012 942 (ὑμῖν
1048 872 1318 941 δέδοκται,
1359 884 1471 936 τοῖς
1511 872 1559 926 δ’
1600 878 1753 928 ἔθεσι
1792 874 1881 928 καὶ

198 971 270 1035 τῷ
314 966 416 1035 βίῳ
464 965 599 1031 πρὸς
648 964 887 1024 ἅπαντας
934 962 1335 1031 ἀλλοτριώτατα
1381 968 1624 1031 χρῆσθε,
1681 964 1752 1026 ὡς
1790 962 1878 1016 καὶ

193 1053 291 1114 τὰς
344 1053 551 1120 τροφὰς
604 1051 736 1119 ὑμῖν
793 1052 1139 1119 ἰδιοτρόπους
1194 1047 1335 1102 εἶναι
1381 1049 1471 1102 καὶ
1518 1052 1581 1102 τὰ
1621 1053 1757 1104 ποτὰ
1805 1054 1876 1120 μὴ

198 1141 356 1193 κοινὰ
387 1149 500 1201 τοῖς
534 1141 738 1207 ἄλλοις,
778 1139 986 1206 ἀνάγκη
1021 1137 1393 1207 βουλομένους
1433 1140 1562 1207 ἡμῖν
1605 1149 1884 1193 συνοικεῖν

196 1227 285 1281 καὶ
324 1231 493 1289 θεοὺς
524 1231 652 1290 τοὺς
682 1227 975 1296 ἡμετέρους
1008 1226 1209 1295 σέβειν,
1249 1225 1336 1278 καὶ
1378 1227 1477 1279 οὐκ
1517 1227 1584 1279 ἂν
1624 1230 1757 1280 ἄλλο
1800 1226 1884 1295 γέ-

196 1336 347 1369 νοιτο
403 1318 696 1383 τεκμήριον
743 1311 805 1382 ἧς
852 1317 995 1384 ἔχειν
1042 1334 1095 1366 τε
1147 1323 1249 1367 νῦν
1299 1314 1516 1376 εὐνοίας
1565 1312 1699 1382 φατὲ
1750 1318 1885 1381 πρὸς

196 1405 335 1473 ἡμᾶς
382 1402 471 1456 καὶ
518 1412 612 1471 τῆς
661 1401 922 1471 ἐσομένης
964 1403 991 1470 ἢ
1034 1405 1093 1455 τὸ
1135 1405 1261 1464 τοὺς
1309 1402 1507 1464 αὐτοὺς
1550 1402 1677 1470 ἡμῖν
1716 1407 1884 1466 θεοὺς

197 1502 544 1562 προσκυνεῖν.
625 1493 805 1558 <138>
848 1489 1114 1559 μέμψαιτο
1157 1488 1206 1542 δ’
1254 1490 1322 1542 ἂν
1364 1489 1546 1551 οὐδεὶς
1585 1492 1635 1542 εἰ
1673 1499 1768 1558 γῆς
1807 1493 1884 1554 εἰς

197 1582 266 1648 ἣν
321 1581 521 1650 ἀφῖχθε
577 1582 704 1641 τοὺς
761 1581 935 1641 ἰδίους
989 1579 1153 1646 αὐτῆς
1207 1581 1374 1640 θεοὺς
1428 1577 1883 1645 προστρέποισθε,

198 1669 287 1721 καὶ
320 1678 486 1722 ταῦτα
519 1678 627 1721 τῶν
660 1666 760 1736 μὲν
797 1666 1069 1735 ἡμετέρων
1103 1677 1305 1719 κοινῶν
1340 1669 1515 1719 ὄντων
1548 1669 1682 1732 πρὸς
1713 1669 1883 1720 ἅπαν-

199 1777 309 1825 τας,
348 1766 446 1810 τοῦ
481 1754 532 1808 δ’
574 1754 838 1823 ὑμετέρου
871 1758 1005 1823 πρὸς
1045 1754 1252 1823 μηδένα
1292 1757 1544 1807 τοιούτου
1585 1756 1883 1824 τυγχάνον-

199 1845 329 1907 τος.’
395 1847 513 1897 δεῖν
555 1841 656 1897 οὗν
697 1845 880 1906 αὐτοῖς
913 1847 1102 1911 ἔλεγον
1144 1843 1174 1911 ἠ
1217 1844 1382 1895 ταύτὰ
1423 1852 1589 1895 πᾶσιν
1632 1844 1877 1911 ἡγεῖσθαι

199 1934 231 2001 ἢ
267 1937 441 2001 ζητεῖν
474 1935 647 2000 ἄλλην
682 1931 1030 2001 οἰκουμένην,
1072 1932 1130 1984 ἐν
1169 1927 1196 2001 ἧ
1231 1934 1518 1999 βιώσονται
1557 1935 1711 1999 μόνοι
1749 1935 1881 1985 κατὰ

199 2025 327 2085 τοὺς
368 2024 544 2083 ἰδίους
587 2024 802 2089 νόμους.

313 2111 491 2176 <139>
531 2112 586 2161 οἳ
625 2107 671 2160 δ’
721 2109 826 2161 ὑπὸ
868 2117 964 2161 τοῦ
1004 2111 1138 2174 πρὸς
1178 2108 1343 2169 αὐτας
1384 2110 1581 2173 ἔρωτος
1623 2109 1880 2159 κάλλιστα

202 2195 459 2264 λέγεσθαι
501 2205 666 2249 ταῦτα
708 2197 1099 2263 ὑπολαβόντες.
1151 2194 1233 2246 καὶ
1278 2197 1614 2260 παραδόντες
1656 2193 1882 2258 ἑαυτοὺς

200 2288 276 2348 εἰς
316 2286 347 2338 ἃ
387 2289 838 2353 προυκαλοῦντο,
877 2283 1191 2351 παρέβησαν
1232 2285 1293 2334 τὰ
1334 2284 1565 2350 πάτρια.
1620 2285 1787 2345 θεούς
1828 2304 1880 2336 τε

200 2377 456 2435 πλείονας
495 2369 634 2425 εἶναι
676 2376 1024 2440 νομίσαντες,
1065 2371 1147 2423 καὶ
1193 2373 1356 2423 θύειν
1397 2371 1581 2432 αὐτοῖς
1620 2373 1751 2422 κατὰ
1797 2375 1883 2424 νό-
1933 2388 1948 2415 ’ν

203 2483 307 2530 μον
347 2464 442 2513 τὸν
490 2460 782 2529 ἐπιχώριον
831 2470 941 2522 τοῖς
989 2458 1489 2527 καθιδρυσαμένοις
1528 2459 1882 2527 προθέμενοι..

203 2551 433 2612 ξενικοῖς
480 2570 533 2602 τε
584 2551 867 2617 βρώμασιν
914 2551 1163 2616 ἔχαιρον.
1218 2546 1301 2599 καὶ
1355 2544 1509 2598 πάντ’
1559 2549 1635 2609 εἰς
1679 2547 1882 2615 ἡδονὴν

204 2648 312 2690 τῶν
345 2647 622 2704 γυναικῶν
665 2635 745 2689 ἐπὶ
791 2637 1114 2688 τούναντιίην
1155 2629 1236 2696 οἷς
1277 2636 1303 2687 ὁ
1349 2638 1512 2701 νόμος
1552 2635 1731 2687 αὐτῶν
1772 2635 1881 2686 ἐκέ-

206 2731 325 2777 λευε
375 2735 658 2787 ποιοῦντες
711 2724 1016 2783 διετέλουν,
1073 2726 1249 2789 04οΧ
1292 2724 1363 2784 ὡς
1411 2725 1500 2774 διὰ
1540 2726 1740 2784 παντὸς
1782 2726 1879 2791 ἤδη

1905 1067 1945 1098 10

1910 1507 1950 1539 15

207 2822 302 2866 τοῦ
359 2823 590 2880 στρατοῦ
647 2815 743 2881 τὴν
798 2815 1141 2879 παρανομίαν
1194 2821 1390 2879 χωρεῖν
1443 2820 1549 2862 τῶν
1605 2810 1741 2862 νέων
1794 2811 1948 2863 ›taff-‘³0

323 2918 346 2965 ἓ
382 2918 462 2954 136
492 2935 543 2949 =
574 2913 705 2955 Num.
742 2912 862 2954 XXV
898 2918 934 2954 2.

2028 2783 2045 2818 1
