2052 3141
795 90 1060 131 HEMHTH
1666 85 1773 137 303

53 244 229 279 .πετο.
293 228 454 294 μόνοι
487 222 540 278 δ’
580 221 739 293 ἦσαν,
779 232 877 277 τοῦ
910 223 1176 293 βασιλέως
1207 221 1296 275 καὶ
1336 224 1464 284 τοὺς
1505 220 1775 273 ἐπεισιόν-

85 334 180 377 τας
217 324 327 367 τῶν
357 316 720 382 θεραπόντων
753 312 970 365 ἀπιέναι
1010 314 1369 373 κελεύσαντος
1409 311 1500 363 διὰ
1540 312 1600 362 τὸ
1640 310 1777 376 πρὸς

82 400 326 471 Ἠούδην
366 402 592 471 ὁμιλεῖν.
674 402 853 469 <192>
894 407 1137 469 καθῆστο
1179 395 1227 452 δ’
1275 398 1360 452 ἐπὶ
1400 401 1647 467 θρόνου,
1685 395 1776 449 καὶ

88 489 211 553 δέος
249 488 419 560 εἰσῄει
458 493 554 544 τὸν
587 489 834 559 Ήούδην
875 492 946 559 μὴ
989 490 1257 559 διαμάρτῃ
1298 487 1387 540 καὶ
1428 489 1499 556 μὴ
1542 489 1618 557 δςό
1661 506 1778 538 και-

41 593 61 625 5
87 581 213 646 ρίαν
252 582 483 648 πληγήν.
563 579 848 648 ἀνίστησιν
882 576 984 633 οὖν
1018 579 1205 646 αὐτόν,
1247 580 1382 643 ὄναρ
1423 576 1592 628 εἰπὼν
1634 577 1778 644 ἔχειν

88 667 146 719 ε’κ
184 668 598 736 προστάγματος
630 668 774 739 αὐτῷ
811 670 1053 736 δηλῶσαι
1093 675 1192 719 τοῦ
1230 671 1385 718 θεοῦ.
1466 664 1645 731 <193>
1686 661 1775 715 καὶ

87 755 115 807 ὃ
157 752 257 824 μὲν
296 758 432 826 πρὸς
471 758 570 824 τὴν
608 757 784 825 χαρὰν
835 758 935 824 τὴν
974 765 1072 808 τοῦ
1114 756 1394 823 ὀνείρατος
1433 751 1778 819 ἀνεπήδησεν

87 843 192 897 ἀπὸ
233 853 332 897 τοῦ
369 847 613 913 θρόνου,
662 844 866 912 πλήξας
914 842 962 896 δ’
1010 844 1179 896 αὐτὸν
1221 843 1248 895 ὁ
1286 839 1524 908 Ήούδης
1563 842 1640 901 είς
1678 840 1778 907 τὴν

87 933 320 1001 καρδίαν
359 930 450 984 καὶ
497 934 557 985 τὸ
606 931 849 1000 ξιφίδιον
902 931 1276 999 ἐγκαταλιπὼν
1318 929 1481 992 ἔξεισι
1521 930 1779 997 προσκλί-

21 1034 63 1066 10
87 1040 186 1082 νας
216 1022 316 1089 τὴν
347 1022 548 1090 θύραν.
614 1022 671 1073 οἱ
706 1018 765 1072 δὲ
805 1020 1144 1089 θεράποντες
1183 1017 1446 1087 ἠρέμουν,
1486 1018 1562 1078 είς
1600 1016 1779 1068 ὕπνον

86 1109 390 1180 τετράφθαι
429 1112 741 1178 νομίζοντες
780 1111 876 1161 τὸν
916 1106 1157 1176 βασιλεά.
1236 1107 1423 1174 <194>
1459 1106 1486 1158 ὁ
1522 1099 1576 1157 δ’
1617 1101 1779 1156 Ἠού-

89 1198 187 1265 δης
225 1207 338 1258 τοῖς
368 1194 774 1266 Ἱεριχουντίοις
825 1195 1220 1264 ἀποσημαίνων
1258 1203 1509 1263 κρυπτῶς
1546 1193 1779 1261 παρεκά-

88 1289 170 1337 λει
220 1292 314 1352 τῆς
365 1284 682 1354 ἐλευθερίας
729 1284 1247 1352 ἀντιλαμβάνεσθαι.
1334 1285 1391 1335 οἳ
1435 1279 1483 1334 δ’
1532 1280 1781 1349 ἀσμένως

87 1370 233 1426 τοῦτ’
281 1372 610 1435 ἀκούσαντες
657 1372 818 1425 αὐτοί
859 1369 903 1424 τ’
951 1374 1028 1434 εἰς
1076 1373 1139 1423 τὰ
1181 1371 1320 1422 ὅπλα
1360 1365 1500 1440 ᾖσαν
1539 1369 1630 1422 καὶ
1673 1368 1780 1422 διέ-

22 1477 64 1509 15
88 1479 302 1530 πεμπον
353 1463 429 1523 εἰς
478 1463 579 1530 τὴν
627 1463 810 1531 χώραν
857 1463 984 1522 τοὺς
1032 1460 1507 1527 ἀποσημαίνοντας
1554 1458 1780 1527 κε’ρασιν

90 1552 244 1603 οἰῶν·
300 1551 516 1612 τούτοις
561 1551 664 1618 γὰρ
714 1554 1007 1617 συγκαλεῖν
1055 1550 1115 1601 τὸ
1162 1553 1376 1615 πλῆθος
1425 1548 1656 1617 πάτριον
1696 1544 1780 1615 ἧν.

91 1639 271 1706 <195>
320 1640 377 1691 οἵ
427 1635 487 1691 δὲ
548 1638 672 1708 περὶ
732 1641 828 1691 τὸν
870 1636 1114 1705 Ἐγλῶνα
1175 1639 1352 1689 πολὺν
1416 1632 1516 1704 μὲν
1578 1639 1782 1705 χρόνον

90 1728 336 1795 ἠγνόουν
391 1729 452 1780 τὸ
509 1728 850 1796 συμβεβηκὸς
906 1726 1051 1797 αὐτῷ
1108 1726 1307 1787 πάθος·
1365 1724 1481 1777 ἐπεὶ
1534 1721 1593 1776 δὲ
1647 1726 1784 1793 πρὸς

93 1813 326 1885 ἑσπέραν
365 1812 455 1883 ἦν,
496 1816 774 1877 δείσαντες
813 1818 885 1883 μή
926 1835 976 1866 τι
1016 1816 1287 1883 νεώτερον
1328 1819 1410 1881 εἴη
1450 1811 1573 1882 περὶ
1614 1813 1782 1866 αὐτὸν

25 1919 68 1950 20
94 1907 340 1973 γεγονός,
381 1906 646 1972 εἰσῆλθον
686 1906 763 1966 εἰς
794 1906 853 1957 τὸ
889 1904 1185 1972 δωμάτιον,
1224 1902 1314 1955 καὶ
1353 1904 1552 1971 νεκρὸν
1591 1901 1783 1969 εὑρόν-

91 2013 178 2055 τες
219 1992 279 2046 ἐν
326 1992 601 2064 ἀμηχανία
646 1996 1095 2061 καθειστήκεσαν.
1173 1990 1262 2043 καὶ
1301 1989 1432 2059 πρὶν
1471 1992 1571 2058 τὴν
1610 2010 1783 2059 φρου-

93 2082 198 2150 ρὰν
231 2089 633 2151 συστραφῆναι,
672 2084 732 2135 τὸ
766 2091 875 2134 τῶν
904 2079 1254 2151 Ἰσραηλιτῶν
1288 2080 1473 2141 αὐτοῖς
1507 2076 1784 2147 ἐπέρχεται

92 2174 319 2238 πλῆθος.
397 2171 578 2238 <196>
608 2169 698 2223 καὶ
732 2173 789 2223 οἳ
817 2167 916 2238 μὲν
948 2177 1276 2238 παραχρῆμα
1316 2168 1691 2235 ἀναιροῦνται,
1732 2169 1789 2219 οἳ

95 2255 144 2309 δ’
191 2259 268 2319 εἰς
299 2259 485 2326 φυγὴν
516 2256 804 2326 τρέπονται
837 2259 908 2320 ὡς
948 2256 1033 2309 ε’πὶ
1066 2259 1165 2325 τὴν
1197 2259 1491 2323 Μωαβῖτιν
1532 2258 1783 2323 σωθησό-

27 2359 70 2392 25
97 2361 275 2414 μενοι·
316 2342 458 2413 ἦσαν
484 2344 535 2397 δ’
567 2343 704 2416 ὑπὲρ
739 2349 984 2415 μυρίους.
1061 2344 1152 2397 καὶ
1185 2343 1513 2413 Ἰσραηλῖται
1552 2362 1783 2413 προκατ-

94 2435 378 2502 ειληφότες
408 2441 507 2486 τοῦ
528 2430 812 2502 Ἰορδάνου
847 2435 946 2501 τὴν
987 2433 1263 2501 διάβασιν,
1296 2433 1588 2493 διώκοντες
1620 2434 1784 2484 ἔκτει-

93 2541 215 2589 νον,
247 2519 338 2573 καὶ
369 2522 503 2573 κατὰ
527 2523 627 2589 τὴν
661 2522 918 2590 διάβασιν
951 2524 1191 2583 πολλοὺς
1223 2521 1405 2573 αὐτῶν
1438 2520 1784 2589 ἀναιροῦσιν,

96 2607 330 2678 διέφυγέ
363 2607 408 2661 τ’
455 2607 583 2663 οὐδὲ
635 2603 712 2672 εἷς
751 2611 844 2672 τὰς
883 2619 1066 2679 χεῖρας
1105 2609 1301 2662 αὐτῶν.
1381 2610 1560 2676 <197>
1601 2607 1691 2661 καὶ
1732 2610 1789 2662 οἱ

97 2694 197 2765 μὲν
229 2695 474 2767 Ἑβραῖοι
505 2699 679 2771 τούτῳ
712 2706 784 2769 τῷ
826 2701 1008 2770 τρόπῳ
1048 2706 1142 2766 τῆς
1180 2698 1287 2750 ὑπὸ
1327 2706 1441 2757 τοῖς
1463 2699 1785 2765 Μωαβίταις

29 2799 73 2830 30
98 2787 349 2849 δουλείας
388 2785 805 2855 ἀπηλλάγησαν·
843 2784 1081 2855 Ἠούδης
1121 2783 1170 2838 δ’
1219 2785 1276 2838 ἐκ
1315 2793 1407 2853 τῆς
1447 2786 1620 2847 αι’τίας
1657 2787 1784 2838 ταύ-

215 2891 240 2940 g
274 2892 356 2931 192
384 2886 605 2931 =1udie.
639 2888 703 2930 ΠΙ
735 2893 804 2932 20.
