2052 3141
798 124 1074 165 AETTEPA
1672 122 1775 173 133

89 258 178 312 καὶ
212 256 338 312 καθ’
371 258 481 311 ἕνα.
559 259 739 325 <322>
763 261 1012 325 Μωυσῆς
1045 253 1104 308 δὲ
1137 257 1303 326 ταύτῃ
1336 258 1464 318 τοὺς
1486 253 1775 325 Ἑβραίους

88 347 392 416 ἀπήγαγεν,
432 344 530 414 ἵν’,
569 348 620 398 εί
656 348 1086 414 μετανοήσαντες
1126 345 1183 396 οἱ
1218 345 1511 411 Αἰγύπτιοι
1552 345 1772 396 διώκειν

88 434 360 504 ἐθέλοιεν,
399 439 664 505 τιμωρίαν
703 443 797 502 τῆς
835 437 1100 502 πονηριάς
1138 431 1227 485 καὶ
1266 434 1623 501 παραβάσεως
1662 442 1772 485 τῶν

87 523 524 592 ὡμολογημένων
556 523 871 593 ὑπόσχοιεν,
918 521 1008 574 καὶ
1044 522 1135 573 διὰ
1173 522 1597 589 Παλαιστινούς,
1631 519 1772 591 (οὓς)

43 628 62 659 5
89 614 371 681 δυσμενῶς
432 615 655 681 ἔχοντας
715 612 848 664 κατὰ
917 611 1156 663 παλαιὰν
1219 609 1519 679 ἀπέχθειαν
1581 605 1776 677 οὖσαν,

88 701 343 754 ὁπωσοῦν
376 700 631 769 ἐβούλετο
667 700 969 752 λανθάνειν
1003 698 1391 768 ἀπερχόμενος·
1434 698 1634 767 ὅμορος
1667 698 1770 767 γάρ

88 788 200 841 ε’στι
246 796 309 858 τῇ
358 798 468 841 τῶν
514 791 835 856 Αἰγυπτίων
882 790 1046 858 χώρᾳ.
1124 788 1304 855 <323>
1344 785 1433 838 καὶ
1482 788 1572 838 διὰ
1612 794 1774 839 τοῦτο

86 878 186 944 τὴν
236 874 336 945 μὲν
387 878 633 944 ἄγουσαν
688 878 764 938 εἰς
809 878 909 944 τὴν
957 878 1334 942 Παλαιστίνην
1383 875 1482 927 οὐκ
1530 874 1773 942 ἀπήγαγε

86 967 181 1017 τὸν
222 967 387 1032 λαόν,
426 963 564 1016 ἀλλὰ
605 965 696 1016 διὰ
735 971 828 1031 τῆς
869 963 1100 1033 ἐρήμου,
1139 965 1350 1031 πολλὴν
1392 962 1597 1025 ἀνύσας
1637 963 1771 1015 ὁδὸν

22 1069 63 1100 10
87 1051 176 1105 καὶ
225 1055 644 1121 κακοπαθήσας,
698 1051 972 1120 ἠθέλησεν
1024 1051 1280 1120 ἐμβαλεῖν
1330 1053 1406 1112 εἰς
1453 1052 1551 1118 τὴν
1595 1054 1773 1101 Χανα-

86 1145 269 1209 ναιάν,
309 1144 386 1194 ἔτι
420 1139 479 1194 δὲ
511 1140 601 1194 καὶ
635 1142 725 1193 διὰ
757 1142 851 1203 τὰς
890 1140 1114 1202 ἐντολὰς
1152 1149 1250 1192 τοῦ
1283 1145 1442 1207 θεοῦ,
1481 1140 1773 1191 κελεύσαν-

87 1249 178 1292 τος
217 1229 442 1298 ἀγαγεῖν
480 1233 577 1284 τὸν
628 1232 763 1283 λαὸν
812 1231 888 1292 εἰς
926 1231 986 1282 τὸ
1028 1233 1264 1281 Σιναῖον
1308 1230 1461 1298 ὅρος,
1510 1227 1623 1280 ἐκεῖ
1658 1245 1776 1279 ποι-

88 1320 320 1386 ήσοντας
380 1320 474 1381 τὰς
533 1322 749 1380 θυσίας.
830 1319 1011 1385 <324>
1066 1320 1463 1385 καταλαβόντες
1527 1313 1585 1368 δὲ
1648 1318 1775 1377 τοὺς

81 1405 369 1477 Ἑβραίους
402 1409 459 1460 οἱ
486 1408 781 1474 Αἰγύπτιοι
822 1408 898 1468 εἰς
939 1406 1116 1475 μάχην
1149 1405 1629 1475 παρεσκευάζοντο.
1685 1401 1774 1455 καὶ

23 1510 64 1543 15
90 1496 527 1549 συνελαύνουσιν
558 1495 768 1565 ,αὐτοὺς
799 1494 905 1547 ὑπὸ
938 1496 1286 1563 πολυχειρίας
1326 1494 1402 1554 εἰς
1441 1492 1630 1558 ὀλίγον
1669 1511 1773 1560 χω-

91 1587 234 1652 ριόν·
276 1582 526 1647 ἑξακόσια
566 1585 669 1653 γὰρ
711 1583 897 1645 αὐτοῖς
937 1584 1147 1651 ἅρματα
1188 1583 1365 1633 εἵπετο
1408 1583 1513 1633 σὺν
1556 1581 1779 1632 ἱππεῦσι

89 1675 596 1742 πεντακισμυρίοις,
650 1671 741 1724 καὶ
797 1672 1034 1725 ὁπλιτῶν
1093 1670 1354 1739 μυριάδες
1399 1666 1541 1737 ἦσαν
1587 1674 1774 1720 εἴκοσι.

90 1762 183 1824 τάς
213 1758 271 1813 θ’
312 1761 476 1823 ὁδοὺς
500 1759 930 1831 ἀπεφράγνυσαν
963 1752 1047 1821 αἷς
1078 1758 1378 1827 φεύξεσθαι
1410 1760 1538 1819 τοὺς
1562 1755 1777 1826 Ἑβραί-

92 1870 188 1912 ους
218 1849 627 1918 ὑπελάμβανον,
659 1847 855 1917 μεταξὺ
888 1857 1149 1917 κρημνῶν
1182 1847 1381 1908 αὐτοὺς
1413 1845 1775 1914 ἀπροσβάτων

25 1952 67 1984 20
90 1936 181 1990 καὶ
219 1946 313 2006 τῆς
350 1938 623 2005 θαλάττης
655 1936 1156 2005 ἀπολαμβάνοντες·
1198 1936 1377 2002 <325>
1409 1938 1634 2005 τελευτᾷ
1673 1935 1777 2003 γὰρ

91 2028 168 2088 εἰς
206 2026 378 2094 αὐτὴν
419 2027 546 2095 ὄρος
584 2026 691 2078 ὑπὸ
732 2026 1060 2095 τραχύτητος
1109 2024 1255 2077 ὁδῶν
1295 2024 1506 2092 ἄπορον
1543 2021 1633 2074 καὶ
1672 2043 1777 2090 φυ-

90 2122 188 2182 γῆς
234 2114 779 2183 ἀπολαμβανόμενον.
859 2121 1155 2183 τοιγαροῦν
1204 2112 1263 2164 ἐν
1309 2119 1372 2180 τῇ
1421 2114 1668 2180 συμβολῇ
1714 2117 1778 2179 τῇ

91 2204 227 2271 πρὸς
263 2203 544 2255 θάλατταν
592 2211 690 2256 τοῦ
738 2203 904 2271 ὅρους
948 2204 1076 2263 τοὺς
1106 2199 1394 2270 Ἑβραίους
1433 2197 1778 2268 ἀπέφραττον

92 2297 166 2361 τῷ
209 2289 583 2363 στρατοπέδῳ,
621 2292 756 2343 κατὰ
796 2292 967 2358 στόμα
1006 2297 1167 2342 τοῦτο
1211 2288 1592 2357 ἱδρυσάμενοι,
1634 2287 1780 2348 ὅπως

26 2393 69 2424 25
93 2380 192 2446 τὴν
247 2380 323 2441 εἰς
375 2380 436 2430 τὸ
490 2380 683 2432 πεδίον
738 2378 930 2442 ἔξοδον
982 2374 1117 2430 ὦσιν
1167 2377 1366 2438 αὐτοὺς
1420 2373 1778 2446 ἀφῃρημένοι.

93 2467 272 2533 <326>
307 2463 426 2534 μήτ’
466 2462 569 2519 οὗν
607 2466 904 2535 ὑπομένειν
942 2464 1426 2535 πολιορκουμένων
1464 2467 1646 2536 τρόπῳ
1688 2463 1779 2514 διά

92 2556 191 2623 τὴν
247 2555 465 2607 ἔνδειαν
518 2563 628 2606 τῶν
684 2554 1005 2623 ἐπιτηδείων
1060 2553 1359 2621 δυνάμενοι
1415 2554 1544 2620 μήτε
1599 2558 1778 2619 φυγῆς

93 2643 356 2713 εὐπορίαν
389 2643 641 2712 ὁρῶντες,
681 2643 866 2696 ὅπλων
898 2663 953 2696 τε
996 2645 1361 2708 σπανίζοντες,
1401 2642 1452 2692 εἰ
1487 2637 1577 2692 καὶ
1618 2638 1778 2707 μάχε-

95 2736 228 2783 σθαι
262 2729 470 2794 δόξειεν
503 2731 705 2798 αὐτοῖς,
747 2731 805 2784 ἐν
839 2731 1018 2784 ἐλπίδι
1057 2739 1155 2784 τοῦ
1194 2730 1410 2790 πάντως
1449 2727 1778 2780 ἀπολεῖσθαι

29 2833 71 2865 30
94 2822 523 2888 καθεστήκεσαν,
562 2820 612 2871 εἰ
642 2820 713 2887 μὴ
746 2820 1173 2889 παραδώσουσιν
1207 2815 1433 2878 ἑαυτοὺς
1472 2824 1584 2878 τοῖς
1608 2817 1780 2883 Αἰγυ-

213 2925 238 2973 ἓ
271 2925 354 2963 322
382 2942 438 2956 =
463 2919 608 2962 EXOd.
641 2919 747 2961 ΧῙῘῙ
782 2925 848 2963 17.
973 2924 996 2972 ξ
1031 2923 1116 2962 324
1142 2940 1197 2954 =
1222 2917 1366 2960 EXOd.
1401 2916 1507 2960 XIV
1540 2921 1578 2960 9.
