1975 3111
894 52 1105 94 ΠΡΩΤΗ
1809 49 1839 101 7

159 188 352 257 ἤρξατο
399 196 512 250 τοῖς
559 189 744 249 ἄλλοις
791 189 1203 255 παραπλησίως,
1251 183 1369 238 ἀλλ’
1426 185 1512 239 ἐπὶ
1560 189 1657 240 τὸν
1704 188 1843 239 θεὸν

158 277 248 329 καὶ
290 278 390 345 τὴν
446 285 545 330 τοῦ
600 279 808 344 κόσμου
857 276 1197 343 κατασκευὴν
1249 276 1342 337 τὰς
1391 277 1612 343 γνώμας
1662 274 1842 327 αὐτῶν

158 365 468 433 ἀναγαγών,
507 363 598 417 καὶ
629 367 818 426 πείσας
850 365 931 416 ὅτι
964 374 1072 416 τῶν
1107 362 1203 429 ἐπὶΙ
1227 372 1323 431 γῆς
1355 366 1532 433 ἔργων
1565 372 1664 417 τοῦ
1703 369 1844 417 θεοῦ

157 457 217 508 τὸ
250 456 538 507 κάλλιστόν
573 453 734 522 ἐσμεν
767 454 1076 521 ἄνθρωποι,
1117 452 1204 504 ὅτε
1244 455 1380 520 πρὸς
1418 454 1519 520 τὴν
1558 451 1844 520 εὐσέβειαν

113 554 132 586 5
159 545 314 612 ἔσχεν
353 543 748 610 ὑπακούοντας,
789 541 992 612 ῥᾳδίως
1032 543 1136 609 ἤδη
1178 539 1300 610 περὶ
1340 542 1563 593 πάντων
1604 543 1843 593 ἔπειθεν.

159 633 302 699 <22>
345 632 401 684 οἱ
435 629 535 699 μὲν
576 632 678 699 γὰρ
719 632 875 683 ἄλλοι
915 627 1217 698 νομοθέται
1263 638 1378 691 τοῖς
1417 631 1620 698 μύθοις
1660 628 1844 692 ἐξακο-

157 722 532 787 λουθήσαντες
578 729 686 772 τῶν
734 719 1108 786 ἀνθρωπίνων
1160 717 1560 786 ἁμαρτημάτων
1601 719 1678 780 εἰς
1716 719 1846 779 τοὺς

154 811 324 870 θεοὺς
369 816 442 878 τῷ
491 811 636 879 λόγῳ
676 809 776 875 τὴν
817 808 1084 876 αἰσχύνην
1124 805 1456 875 μετέθεσαν,
1504 805 1594 859 καὶ
1632 808 1844 875 πολλὴν

155 897 485 964 ὑποτίμησιν
518 905 631 958 τοῖς
662 905 925 964 πονηροῖς
957 897 1188 947 ἔδωκαν·
1233 895 1376 963 <23>
1419 895 1447 948 ὁ
1491 892 1539 947 δ’
1586 893 1845 963 ἡμέτερος

91 997 131 1027 10
155 983 462 1053 νομοθέτης
494 983 767 1053 ἀκραιφνῆ
801 986 901 1052 τὴν
936 983 1133 1052 ἀρετὴν
1166 986 1359 1053 ἔχοντα
1398 985 1495 1036 τὸν
1533 985 1672 1036 θεὸν
1714 982 1845 1035 ἀπο-

155 1075 334 1141 φήνας
374 1070 530 1143 ᾠήθη
582 1074 699 1124 δεῖν
746 1075 872 1134 τοὺς
924 1072 1257 1141 ἀνθρώπους
1298 1073 1507 1141 ἐκείνης
1546 1077 1845 1140 πειρᾶσθαι

154 1162 617 1230 μεταλαμβάνειν,
663 1160 754 1213 καὶ
805 1163 932 1224 τοὺς
980 1164 1051 1229 μὴ
1101 1170 1269 1214 ταῦτα
1320 1169 1667 1230 φρονοῦντας
1707 1157 1843 1228 μηδὲ

155 1252 264 1318 μὴν
317 1250 676 1312 πιστεύοντας
736 1249 1111 1317 ἀπαραιτήτως
1172 1249 1411 1303 ἐκόλασε.
1490 1250 1652 1318 <24>
1708 1250 1844 1318 πρὸς

154 1340 358 1407 ταύτην
399 1334 501 1391 οὗν
534 1340 633 1406 τὴν
666 1338 939 1391 ὑπόθεσιν
972 1344 1255 1391 ποιεῖσθαι
1294 1340 1394 1406 τὴν
1435 1336 1677 1401 ἐξέτασιν
1717 1339 1846 1398 τοὺς

89 1439 129 1470 15
154 1425 646 1495 ἀναγνωσομένους
670 1431 981 1495 παρακαλῶ.
1038 1437 1289 1496 φανεῖται
1315 1428 1419 1495 γὰρ
1447 1424 1846 1494 σκοπουμένοις

154 1516 327 1578 οὕτως
366 1513 533 1569 οὐδὲν
575 1513 687 1568 οὔτ’
736 1517 940 1583 ἄλογον
981 1516 1166 1578 αὐτοῖς
1206 1517 1331 1568 οὔτε
1371 1518 1506 1584 πρὸς
1545 1517 1644 1583 τὴν
1685 1533 1847 1582 μεγα-

155 1608 403 1673 λειότητα
434 1613 534 1657 τοῦ
566 1610 705 1657 θεοῦ
744 1603 832 1656 καὶ
873 1606 973 1672 τὴν
1005 1606 1432 1673 φιλανθρωπίαν
1473 1603 1844 1672 ἀνάρμοστον·

154 1694 331 1746 πάντα
385 1694 488 1761 γὰρ
544 1700 606 1762 τῇ
662 1702 771 1745 τῶν
824 1693 968 1745 ὅλων
1016 1694 1182 1761 φύσει
1231 1694 1537 1761 σύμφωνον
1586 1695 1695 1761 ἔχει
1747 1694 1848 1761 τὴν

157 1782 439 1850 διάθεσιν,
480 1783 544 1834 τὰ
584 1778 684 1849 μὲν
725 1779 1106 1849 αἰνιττομένου
1146 1790 1244 1834 τοῦ
1283 1779 1596 1849 νομοθέτου
1639 1780 1847 1850 δεξιῶς,
1915 1783 1917 1785 ’

91 1882 133 1914 20
156 1871 221 1923 τὰ
261 1866 310 1921 δ’
358 1868 799 1938 ἀλληγοροῦντος
847 1871 977 1937 μετὰ
1027 1871 1383 1937 σεμνότητος,
1425 1869 1526 1921 ὅσα
1567 1867 1617 1921 δ’
1666 1869 1718 1933 ἐξ
1760 1871 1848 1923 εὐ-

154 1961 312 2021 θείας
362 1955 623 2025 λέγεσθαι
671 1955 965 2025 συνέφερε,
1013 1966 1181 2010 ταῦτα
1223 1957 1397 2025 ῥητῶς
1438 1955 1847 2024 ἐμφανίζοντος.

157 2048 299 2114 <25>
339 2055 453 2108 τοῖς
492 2044 679 2114 μέντοι
726 2043 1086 2114 βουλομένοις
1137 2043 1226 2096 καὶ
1267 2046 1360 2106 τὰς
1400 2046 1573 2107 αἰτίας
1615 2043 1847 2099 ἑκάστου

157 2144 381 2188 σκοπεῖν
431 2136 606 2202 πολλὴ
648 2131 847 2202 γένοιτ’
895 2133 963 2186 ἂν
1002 2134 1034 2201 ἡ
1076 2136 1286 2202 θεωρία
1325 2132 1415 2185 καὶ
1455 2137 1580 2185 λίαν
1620 2137 1849 2202 φιλόσο-

157 2245 279 2293 φος,
317 2224 387 2291 ἣν
428 2223 533 2291 ε’γὼ
567 2232 672 2276 νῦν
705 2220 805 2292 μὲν
841 2223 1273 2291 ὑπερβάλλομαι,
1312 2227 1452 2275 θεοῦ
1493 2219 1554 2274 δὲ
1595 2224 1849 2286 διδόντος

92 2324 134 2356 25
157 2312 289 2381 ἡμῖν
322 2314 525 2382 χρόνον
557 2313 885 2381 πειράσομαι
919 2313 1051 2379 μετὰ
1084 2312 1286 2379 ταύτην
1320 2310 1525 2379 γράψαι
1550 2311 1651 2377 τὴν
1676 2328 1849 2379 πραγ-

159 2403 399 2469 ματείαν.
477 2401 618 2466 <26>
665 2399 934 2468 τρέψομαι
987 2397 1036 2452 δ’
1099 2398 1185 2452 ε’πὶ
1248 2400 1348 2467 τὴν
1400 2398 1678 2467 ἀφήγησιν
1740 2401 1847 2467 ἤδη

157 2498 268 2541 τῶν
306 2488 666 2557 πραγμάτων,
714 2486 981 2555 μνησθεὶς
1027 2490 1296 2556 πρότερον
1337 2481 1415 2539 ὧν
1454 2484 1579 2554 περὶ
1617 2494 1711 2554 τῆς
1749 2495 1848 2540 τοῦ

159 2580 369 2645 κόσμου
417 2582 752 2643 κατασκευῆς
803 2572 917 2628 εἷπε
969 2579 1231 2643 Μωυσῆς.
1309 2583 1477 2628 ταῦτα
1526 2572 1574 2627 δ’
1623 2573 1684 2627 ἐν
1732 2584 1851 2637 ταῖς

162 2667 330 2735 ἱεραῖς
368 2667 582 2733 βίβλοις
621 2660 786 2733 εὗρον
829 2662 1296 2734 ἀναγεγραμμένα.
1360 2665 1470 2732 ἔχει
1511 2660 1560 2715 δ’
1608 2663 1796 2726 οὕτως.

91 2767 134 2799 30
270 2755 414 2822 (27)
468 2750 560 2806 'Ev
610 2752 745 2822 ἀρχῇ
795 2754 1005 2806 ἔκτισεν
1055 2754 1082 2806 ὁ
1137 2754 1270 2814 θεὸς
1316 2754 1413 2805 τὸν
1460 2752 1703 2822 οὐρανὸν
1758 2750 1903 2805 καὶ1

277 2859 301 2908 ξ
334 2859 388 2898 27
425 2875 479 2891 =
515 2852 625 2898 Gen.
660 2853 680 2895 I
726 2858 763 2897 1.
