2052 3141
781 96 1055 137 ΔΕΤΤΕΡΑ
1652 95 1753 146 121

74 231 219 302 αὐτῷ
253 229 512 298 γενέσθαι
548 230 649 297 τὴν
681 229 932 283 εὐποιιάν
965 227 1091 298 μηδ’
1132 230 1362 299 ἀμοιβῆς
1401 230 1761 299 ὑστεροῦσαν.

75 318 102 371 ὃ
145 316 206 371 δὲ
245 318 338 380 τάς
376 337 430 370 τε
471 319 669 379 παῖδας
709 316 1004 381 ἀπεδέξατο
1037 326 1129 386 τῆς
1167 317 1291 387 περὶ
1330 321 1427 372 τὸν
1468 319 1760 388 εὐηργετη-

71 410 202 459 κότα
258 407 534 473 σπουδῆς,
596 403 686 457 καὶ
740 408 836 458 τὸν
883 409 1137 474 Μωυσῆν
1193 408 1271 468 εἰς
1326 408 1456 469 ὄψιν
1510 406 1759 458 ἐκέλευεν

71 496 225 562 ἄγειν
259 494 404 565 αὐτῷ
439 492 768 562 τευξόμενον
800 494 1020 563 χάριτος
1061 495 1286 556 δικαίας.
1364 495 1546 562 <262>
1588 495 1659 557 ὡς
1699 491 1753 547 δ’

27 596 45 627 5
71 578 185 650 ἧκε,
223 584 324 651 τὴν
356 591 464 634 τῶν
508 580 833 651 θυγατέρων
867 581 1236 650 ἀπεσήμαινεν
1270 583 1414 654 αὐτῷ
1457 587 1760 653 μαρτυρίαν

70 668 157 723 ἐπὶ
197 678 259 740 τῇ
300 673 560 741 βοηθείᾳ,
607 668 696 722 καὶ
736 678 828 737 τῆς
879 669 1069 739 ἀρετῆς
1109 671 1277 724 αὐτὸν
1316 672 1617 740 θαυμάζων
1659 672 1760 724 οὐκ

69 760 146 820 εἰς
197 758 569 826 ἀναισθήτους
619 759 948 827 εὐεργεσιῶν
997 758 1340 812 καταθέσθαι
1389 762 1487 828 τὴν
1541 760 1758 814 ε’πικου-

69 850 195 915 ρίαν
228 849 432 914 ἔλεγεν,
472 843 593 898 ἀλλ’
628 848 849 909 ἱκανοὺς
874 845 1078 899 ἐκτῖσαι
1111 848 1271 917 χάριν
1303 847 1393 900 καὶ
1426 857 1498 920 τῷ
1535 847 1758 917 μεγέθει

68 942 160 1002 τῆς
193 933 424 1003 ἀμοιβῆς
455 934 787 1004 ὑπερβαλεῖν
820 937 879 987 τὸ
914 934 1113 1003 μέτρον
1146 944 1238 1004 τῆς
1270 936 1529 998 εὐποιίας.
1577 938 1759 1004 <263>

1 1035 44 1066 10
67 1031 302 1075 ποιεῖται
343 1018 392 1073 δ’
440 1021 608 1074 αὐτὸν
647 1023 773 1075 υἱὸν
814 1020 905 1074 καὶ
937 1026 1068 1090 μίαν
1107 1032 1216 1075 τῶν
1255 1023 1583 1094 θυγατέρων
1621 1027 1759 1093 πρὸς

67 1111 246 1179 γάμον
287 1111 508 1178 δίδωσι,
556 1119 664 1162 τῶν
711 1129 766 1162 τε
814 1111 1149 1180 θρεμμάτων
1202 1110 1286 1182 (ἐν
1327 1114 1542 1175 τούτοις
1581 1114 1682 1181 γὰρ
1724 1113 1757 1180 ἡ

66 1206 212 1251 πᾶσα
244 1206 429 1266 κτῆσις
459 1200 520 1251 τὸ
553 1200 789 1251 παλαιὸν
822 1195 891 1267 ἦν
924 1209 1037 1261 τοῖς
1068 1201 1390 1270 βαρβάροις)
1433 1201 1758 1255 ἀποδείκνυ-

69 1302 157 1339 σιν
199 1286 527 1355 ἐπιμελητῆν
566 1285 656 1339 καὶ
698 1288 984 1356 δεσπότην.

178 1376 358 1443 <264>
397 1373 487 1427 καὶ
518 1378 766 1443 Μωυσῆς
806 1373 906 1443 μὲν
946 1378 1212 1429 τοιούτων
1252 1378 1434 1446 τυχὼν
1474 1380 1619 1448 παρὰ
1659 1387 1757 1432 τοῦ
1779 1378 1846 1430 12

0 1460 547 1534 15Ἰοθόρουίξ<τοῦτο
588 1465 691 1531 γὰρ
732 1460 800 1531 ἧν
843 1463 1109 1533 ἐπίκλημα
1149 1472 1222 1536 τῷ
1257 1464 1590 1538 Ῥαγουήλῳ)
1643 1469 1758 1534 διῆ-

67 1571 163 1620 γεν
203 1551 404 1604 αὐτόθι
435 1553 745 1620 ποιμαίνων
778 1553 842 1604 τὰ
875 1555 1206 1620 βοσκήματα.
1285 1557 1467 1626 χρόνῳ
1515 1552 1563 1606 δ’
1602 1555 1758 1608 ὕστε-

68 1660 167 1709 ρον
215 1638 397 1708 νέμων
445 1639 533 1692 ἐπὶ
580 1643 639 1694 τὸ
680 1644 916 1693 Σιναῖον
964 1642 1307 1709 καλούμενον
1356 1644 1483 1711 ὄρος
1534 1645 1653 1711 ἄγει
1693 1646 1758 1696 τὰ

66 1731 315 1796 ποίμνια·
358 1729 553 1796 <265>
580 1737 740 1781 τοῦτο
775 1726 823 1781 δ’
865 1727 1012 1782 ἐστὶν
1051 1730 1400 1798 ὑψηλότατον
1440 1741 1549 1784 τῶν
1589 1733 1756 1802 ταύτῃ

67 1816 213 1885 ὀρῶν
252 1815 343 1868 καὶ
381 1819 517 1885 πρὸς
555 1818 727 1885 νομὰς
766 1818 1010 1886 ἄριστον,
1051 1817 1264 1886 ἀγαθῆς
1302 1818 1583 1888 φυομένης
1622 1823 1759 1882 πόας

0 1916 40 1948 20
65 1902 154 1956 καὶ
203 1905 294 1956 διὰ
348 1906 409 1957 τὸ
467 1904 633 1968 δόξαν
659 1906 828 1974 “’ἔχειν
878 1905 1244 1974 ἐνδιατρίβειν
1296 1907 1440 1978 αὐτῷ
1482 1909 1579 1960 τὸν
1619 1910 1758 1961 θεὸν

66 1993 132 2046 οὐ
155 1996 624 2063 κατανεμηθείσης
646 1997 934 2064 πρότερον,
975 1995 1041 2047 οὐ
1073 1996 1403 2064 τολμώντων
1438 1995 1757 2064 ἐμβατεύειν

64 2082 143 2144 εἰς
195 2081 327 2135 αὐτὸ
390 2092 500 2134 τῶν
554 2081 847 2150 ποιμένων.
926 2086 1066 2135 ἔνθα
1123 2085 1190 2152 δὴ
1247 2083 1337 2136 καὶ
1392 2083 1549 2154 τέρας
1603 2084 1748 2155 αὐτῷ

64 2170 321 2239 τυγχάνει
373 2171 715 2239 θαυμάσιον·
771 2172 952 2240 <266>
999 2180 1108 2240 πῦρ
1157 2173 1260 2241 γὰρ
1308 2173 1531 2240 θάμνον
1571 2173 1756 2240 βάτων

65 2260 370 2326 νεμόμενον
416 2260 517 2326 τὴν
567 2257 692 2328 περὶ
743 2259 910 2312 αὐτὸν
957 2264 1129 2329 χλόην
1168 2263 1229 2312 τό
1277 2257 1322 2312 τ’
1370 2262 1544 2322 ἄνθος
1584 2260 1756 2313 αὐτοῦ

0 2355 41 2388 25
66 2350 354 2414 παρῆλθεν
402 2345 665 2415 ἀβλαβές,
712 2346 803 2399 καὶ
849 2358 958 2401 τῶν
999 2348 1287 2419 ἐγκάρπων
1327 2349 1547 2401 κλάδων
1588 2345 1756 2401 οὐδὲν

65 2432 327 2501 ἠφάνισε,
374 2433 464 2486 καὶ
510 2443 679 2487 ταῦτα
726 2443 819 2502 τῆς
864 2438 1070 2504 φλογὸς
1120 2441 1325 2504 πολλῆς
1364 2435 1454 2488 καὶ
1494 2436 1757 2504 ὀξυτάτης

65 2520 432 2591 ὑπαρχούσης.
509 2522 690 2590 <ῑ267>
731 2522 759 2575 ὃ
810 2520 869 2574 δὲ
920 2522 1010 2575 καὶ
1062 2524 1233 2592 αὐτὴν
1282 2521 1384 2592 μὲν
1432 2525 1607 2577 ἔδεισε
1654 2526 1756 2592 τὴν

67 2610 197 2673 ὄψιν
237 2610 552 2680 παράδοξον
591 2609 922 2680 γενομένην,
969 2613 1274 2681 κατεπλάγη
1325 2609 1379 2664 δ’
1427 2614 1504 2665 ε”τι
1545 2617 1756 2681 μᾶλλον

66 2699 262 2767 φωνὴν
316 2706 415 2751 τοῦ
468 2699 641 2767 πυρὸς
692 2696 924 2767 ἀφέντος
977 2698 1067 2751 καὶ
1116 2698 1380 2768 ὀνομαστὶ
1426 2699 1757 2763 καλέσαντος

0 2795 43 2827 30
68 2786 236 2839 αὐτὸν
275 2784 366 2838 καὶ
405 2785 780 2854 ποιησαμένου
821 2790 1044 2854 λόγους,
1093 2782 1175 2850 οἷς
1213 2791 1274 2840 τό
1314 2808 1369 2840 τε
1409 2789 1620 2859 θράσος
1660 2789 1755 2842 αὐ-

185 2892 208 2940 ς
241 2892 324 2930 261
354 2909 408 2923 =
433 2887 577 2930 Exod.
611 2887 654 2929 Π
688 2891 756 2930 18.
