2052 3141
93 1074 134 1105 10

93 1514 134 1546 15

93 1955 135 1987 20

93 2394 134 2427 25

96 2837 137 2869 30

858 127 1132 167 AETTEPA
1773 121 1843 173 83

156 262 369 332 μένων,
423 260 513 314 καὶ
563 258 690 331 παρ’
748 259 1003 328 ἀλλήλων
1051 260 1144 321 τὰς
1196 260 1369 321 αἰτίας
1416 254 1499 326 ἐφ’
1551 249 1635 318 αἷς
1685 276 1845 308 κατα-

155 357 402 421 κριθεῖεν
450 347 1025 417 ἀναπυνθανομένων,
1079 347 1226 414 <63>
1264 347 1513 415 οἰνοχόος
1551 353 1650 398 τοῦ
1689 348 1845 413 βασι-

158 438 310 508 λέως,
338 437 426 491 καὶ
462 435 660 508 σφόδρ’
692 437 836 509 αὐτῷ
865 438 1183 505 τιμώμενος,
1213 433 1327 487 κατ’
1362 434 1532 501 ὀργὴν
1559 430 1848 501 δεδεμένος

157 526 247 581 καὶ
288 526 676 596 συνδιαφέρων
715 534 788 597 τῷ
825 524 1068 597 Ἰωσήπῳ
1109 524 1202 585 τὰς
1240 521 1406 585 πέδας
1447 519 1848 590 συνηθέστερος

159 616 304 688 αὐτῷ
347 620 557 684 μᾶλλον
606 613 846 684 ἐγένετο,
893 617 988 666 καί
1031 610 1275 683 (συνέσει
1315 613 1418 681 γὰρ
1460 611 1627 663 αὐτὸν
1670 609 1846 662 ἐδόκει

157 704 443 774 προύχειν)
486 705 621 773 ὄναρ
664 704 800 755 ἰδὼν
843 700 1077 768 ἐξέθετο,
1116 704 1446 769 παρακαλῶν
1489 700 1697 767 δηλοῦν
1738 698 1766 749 ὅ
1798 717 1848 748 τι

158 795 430 861 σημαίνει,
470 794 818 861 μεμφόμενος
850 791 931 843 ὅτι
971 799 1084 852 τοῖς
1124 789 1182 841 ἐκ
1220 798 1319 842 τοῦ
1360 786 1625 857 βασιλέως
1664 795 1850 848 κακοῖς

159 883 236 933 ε”τι
276 883 336 934 τὸ
377 886 537 933 θεῖον
578 880 722 951 αὐτῷ
764 877 853 931 καὶ
905 880 998 940 τὰς
1039 877 1097 930 ἐκ
1136 888 1245 930 τῶν
1287 877 1586 945 ὀνειράτων
1627 876 1848 945 φροντί-

159 970 257 1031 δας
295 971 678 1039 προστίθησιν.
755 968 899 1035 <64>
937 969 1082 1034 ἔλεγε
1127 963 1176 1018 δ’
1225 962 1326 1019 οὖν
1369 967 1508 1018 ἰδεῖν
1550 965 1682 1017 κατὰ
1721 965 1848 1024 τοὺς

158 1048 368 1119 ὕπνους
399 1066 566 1127 τριῶν
598 1056 887 1124 κλημάτων
927 1058 1232 1124 πεφυκυίας
1271 1052 1515 1122 ἀμπέλου
1556 1056 1755 1121 βότρυς
1795 1051 1847 1114 ἐξ

159 1143 390 1198 ἑκάστου
423 1144 857 1215 ἀποκρέμασθαι,
899 1144 1169 1212 μεγάλους
1204 1145 1307 1211 ἤδη
1350 1140 1439 1194 καὶ
1479 1144 1613 1211 πρὸς
1652 1141 1849 1209 τρύγη-

157 1253 253 1286 τον
287 1234 541 1302 ὡραίους,
581 1232 669 1285 καὶ
702 1234 930 1294 τούτους
965 1232 1127 1293 αὐτὸς
1159 1230 1489 1298 ἀποθλίβειν
1529 1232 1605 1292 εἰς
1645 1229 1849 1298 φιάλην

157 1319 456 1391 ὑπέχοντος
487 1329 585 1373 τοῦ
617 1319 901 1389 βασιλέως,
943 1322 1214 1388 διηθήσας
1253 1339 1309 1371 τε
1352 1321 1411 1372 τὸ
1453 1323 1680 1386 γλεῦκος
1722 1319 1850 1370 δοῦ-

160 1430 252 1463 ναι
284 1418 358 1481 τῷ
393 1412 611 1478 βασιλεῖ
641 1419 806 1476 πιεῖν,
848 1408 1103 1460 κάκεῖνον
1138 1406 1401 1471 δέξασθαι
1434 1403 1849 1476 κεχαρισμένως.

158 1499 303 1566 <65>
335 1499 396 1550 τὸ
430 1495 530 1566 μὲν
564 1493 666 1550 οὖν
701 1495 1014 1566 ἑωραμένον
1048 1495 1248 1563 ἐδήλου
1284 1504 1536 1548 τοιοῦτον
1570 1497 1653 1562 ὄν,
1693 1493 1850 1562 ἠξίου

160 1585 236 1655 δ’,
270 1592 400 1639 εἴτι
433 1589 753 1655 μεμοίραται
788 1583 1077 1652 συνέσεως,
1109 1585 1336 1654 φράζειν
1369 1584 1514 1655 αὐτῷ
1550 1585 1649 1651 τὴν
1682 1586 1850 1652 πρόρ-

160 1688 321 1743 ρησιν
354 1682 446 1742 τῆς
479 1677 669 1738 ὄψεως.
742 1674 769 1727 ὃ
797 1671 856 1726 δὲ
881 1679 1115 1743 θαρρεῖν
1147 1693 1202 1725 τε
1236 1673 1529 1742 παρεκάλει
1561 1671 1649 1724 καὶ
1683 1686 1850 1741 προσ-

160 1764 332 1815 δοκᾶν
372 1761 432 1815 ἐν
471 1762 651 1831 τρισὶν
698 1761 923 1832 ἡμέραις
962 1762 1423 1830 ἀπολυθήσεσθαι
1463 1771 1572 1813 τῶν
1614 1761 1851 1828 δεσμῶν,

158 1858 257 1903 τοῦ
312 1850 578 1919 βασιλέως
631 1853 983 1919 ποθήσαντος
1038 1850 1207 1903 αὐτοῦ
1264 1851 1364 1918 τὴν
1422 1850 1706 1902 διακονίαν
1761 1846 1850 1900 καὶ

157 1939 324 1991 πάλιν
378 1940 455 2002 εἰς
508 1940 710 2008 ταύτην
765 1939 934 1991 αὐτὸν
991 1938 1368 2001 ἐπανάξοντος.
1447 1938 1590 2005 <66>
1640 1938 1851 2006 καρπὸν

159 2029 263 2098 γὰρ
297 2026 591 2096 ἐσήμαινεν
625 2025 926 2095 ἀμπέλινον
961 2025 1039 2079 ἐπ’
1082 2026 1273 2097 ἀγαθῷ
1318 2027 1413 2078 τὸν
1454 2027 1591 2077 θεὸν
1632 2024 1850 2093 ἀνθρώ-

157 2135 282 2179 ποις
312 2126 630 2186 παρασχεῖν,
664 2115 722 2178 ὃς
746 2116 892 2187 αὐτῷ
920 2112 965 2167 τ’
999 2114 1188 2186 ἐκείνῳ
1225 2112 1510 2166 σπένδεται
1544 2111 1634 2165 καὶ
1666 2116 1849 2165 πίστιν

159 2204 478 2274 ἀνθρώποις
517 2203 606 2257 καὶ
646 2207 837 2273 φιλίαν
878 2204 1161 2272 ὁμηρεύει,
1204 2204 1449 2255 διαλύων
1491 2199 1590 2269 μὲν
1631 2203 1850 2270 ἔχθρας,

159 2294 223 2345 τὰ
262 2293 412 2361 πάθη
462 2289 522 2344 δὲ
568 2291 657 2345 καὶ
696 2293 790 2355 τὰς
839 2293 1012 2354 λύπας
1051 2290 1282 2360 ἐξαιρῶν
1324 2300 1436 2352 τοῖς
1474 2287 1849 2360 προσφερομέ-

159 2401 277 2443 νοις
310 2380 496 2449 αὐτόν,
536 2379 625 2433 καὶ
657 2383 792 2451 πρὸς
824 2381 1033 2448 Υἡδονὴν
1073 2379 1386 2448 ὑποφέρων.
1465 2380 1608 2447 <67>
1634 2378 1850 2430 (τοῦτον

162 2466 263 2523 οὖν
296 2470 403 2538 φὴς
435 2468 492 2521 ἐκ
524 2479 691 2539 τριῶν
724 2467 1096 2537 ἀποθλιβέντα
1129 2469 1380 2538 βοτρύων
1414 2466 1566 2537 χερσὶ
1591 2476 1706 2527 ταῖς
1733 2474 1852 2526 σαῖς

160 2556 466 2627 προσέσθαι
517 2559 613 2610 τὸν
665 2556 906 2625 βασιλεά.
984 2558 1156 2624 καλὴν
1207 2559 1403 2609 τοίνυν
1453 2560 1570 2607 ἴσθι
1618 2568 1704 2606 σοι
1751 2555 1851 2622 τὴν

161 2649 290 2709 ὄψιν
316 2643 704 2714 γεγενημένην,
736 2644 825 2697 καὶ
850 2646 1281 2715 προμηνύουσαν
1307 2646 1504 2713 ἄφεσιν
1529 2651 1621 2711 τῆς
1646 2643 1850 2709 παρού-

163 2750 259 2804 σης
298 2734 536 2802 ἀνάγκης
587 2732 647 2786 ἐν
686 2735 974 2796 τοσαύταις
1014 2732 1238 2802 ἡμέραις
1279 2732 1331 2795 ἐξ
1374 2733 1519 2784 ὅσων
1560 2731 1850 2799 κλημάτων

160 2825 257 2876 τὸν
311 2824 521 2893 καρπὸν
577 2820 874 2891 ἐτρύγησας
921 2823 1054 2874 κατὰ
1101 2824 1229 2883 τοὺς
1278 2820 1500 2882 ὕπνους.
1578 2821 1721 2887 <68>
1762 2818 1849 2887 μέ-

284 2928 307 2977 ἓ
341 2930 395 2968 63
423 2946 477 2959 =
504 2922 616 2966 Gen.
650 2923 727 2965 XL
761 2927 800 2966 4.

1520 2994 1581 3038 6ss
