1975 3111
880 88 1087 129 HRQTH
1759 86 1826 137 19

139 242 305 275 κοντα
337 224 473 292 πρὸς
506 220 663 292 (τοῖς)
698 221 1017 284 ἐνακοσίοις.
1096 223 1239 290 <87>
1271 221 1523 292 Λάμεχος
1563 218 1623 274 δὲ
1662 220 1827 290 ἄρξας

140 309 271 364 ἑπτὰ
325 309 414 363 καὶ
466 308 841 379 ἑβδομήκοντα
897 308 983 380 ἐφ’
1044 308 1384 373 ἑπτακοσίοις
1435 313 1575 363 ἔτεσι
1629 311 1826 362 Νώεον

138 409 247 452 τῶν
285 399 618 469 πραγμάτων
669 397 1026 452 ἀποδείκνυσι
1073 400 1383 469 προστάτην
1432 401 1527 452 τὸν
1566 399 1719 466 υἱόν,
1767 397 1827 459 ὃς

137 485 371 559 Λαμέχῳ
419 489 714 554 γενόμενος
763 488 966 554 ὄγδοον
1012 485 1101 538 καὶ
1149 487 1520 555 ὀγδοηκοστὸν
1568 486 1657 539 καὶ
1706 484 1825 538 ἑκα-

94 592 113 624 5
137 577 332 628 τοστὸν
373 576 490 637 ἔτος
529 575 756 643 ἠνυκότι
794 578 1131 644 πεντήκοντα
1172 574 1262 628 καὶ
1305 575 1609 638 ἐνακοσίοις
1648 577 1825 627 ἔτεσιν

136 659 263 733 ἡρξε
303 673 413 716 τῶν
450 664 798 733 πραγμάτων.
863 664 1004 731 <88>
1030 673 1198 717 ταῦτα
1239 667 1588 732 συναγόμενα
1627 663 1691 715 τὰ
1732 665 1822 730 ἔτη

135 754 232 805 τὸν
270 754 864 821 προαναγεγραμμένον
898 757 1212 822 συμπληροῖ
1246 755 1464 822 χρόνον.
1543 750 1822 815 ἐξεταζέτω

136 837 196 892 δὲ
236 839 426 908 μηδεὶς
469 841 564 902 τὰς
610 842 860 902 τελευτὰς
907 850 1017 893 τῶν
1057 840 1279 909 ἀνδρῶν
1321 839 1458 910 (τοῖς
1496 841 1599 908 γὰρ
1641 839 1823 891 αὑτῶν

133 927 286 981 παισὶ
326 927 416 981 καὶ
454 938 567 990 τοῖς
599 928 825 981 ἐκείνων
859 928 1153 996 ἀπογόνοις
1193 927 1687 998 συμπαρεξέτεινον
1727 929 1823 980 τὸν

70 1033 111 1064 10
133 1016 310 1088 βίον),
349 1017 487 1070 ἀλλὰ
526 1017 621 1079 τὰς
660 1016 900 1084 γενέσεις
938 1017 1121 1070 αὐτῶν
1162 1021 1334 1086 μόνον
1378 1018 1570 1087 ὁράτω.

243 1107 387 1174 <89>
428 1105 864 1175 ἐπισημήναντος
912 1103 971 1158 δὲ
1019 1114 1117 1159 τοῦ
1168 1112 1306 1159 θεοῦ
1353 1104 1443 1158 καὶ
1490 1106 1611 1157 ὕειν
1663 1103 1822 1174 ἀρξα-
1859 1116 1875 1129 ’

133 1194 303 1264 μένου
335 1196 396 1247 τὸ
428 1193 580 1264 ὕδωρ
613 1192 838 1263 ἡμέραις
870 1194 1263 1263 τετταράκοντα
1297 1193 1449 1256 ὅλαις
1480 1191 1824 1262 κατεφέρετο,

134 1284 205 1345 ὡς
251 1281 339 1335 ἐπὶ
385 1285 574 1352 πήχεις
619 1284 1007 1336 πεντεκαίδεκα
1054 1284 1154 1351 τὴν
1203 1291 1305 1351 γῆν
1345 1284 1656 1351 ὑπερσχεῖν.
1732 1279 1822 1333 καὶ

133 1380 293 1425 τοῦτο
326 1367 396 1439 ἡν
428 1374 488 1424 τὸ
522 1377 698 1424 αἴτιον
723 1380 821 1425 τοῦ
855 1374 926 1440 μὴ
962 1374 1307 1440 διασωθῆναι
1340 1375 1613 1437 πλείονας,
1645 1378 1824 1439 φυγῆς

67 1475 108 1507 15
133 1461 389 1530 ἀφορμὴν
415 1460 515 1513 οὐκ
547 1462 782 1530 ἔχοντας.
846 1461 989 1528 <90>
1023 1459 1378 1529 παυσαμένου
1420 1457 1479 1512 δὲ
1520 1467 1618 1512 τοῦ
1657 1458 1822 1510 ὑετοῦ

133 1552 288 1618 μόλις
327 1548 525 1617 ἤρξατο
564 1549 890 1617 ὑποβαίνειν
928 1551 988 1601 τὸ
1036 1549 1189 1617 ὕδωρ
1231 1546 1316 1617 ἐφ’
1361 1547 1588 1617 ἡμέραις
1628 1545 1821 1599 ἑκατὸν

131 1636 222 1690 καὶ
275 1639 645 1705 πεντήκοντα,
701 1637 773 1698 ὡς
827 1635 958 1704 μηνὶ
1013 1635 1229 1710 ἑβδόμῳ
1282 1635 1603 1708 (ἱσταμένου
1656 1632 1706 1687 δ’
1752 1631 1821 1701 ἦν

133 1725 362 1795 ἑβδόμη)
403 1723 526 1778 κατ’
574 1725 765 1792 ὀλίγον
802 1726 1131 1778 ὑπονοστεῖν
1172 1724 1559 1793 ἀπολήγοντος.
1639 1725 1822 1775 ἔπειτα

131 1822 224 1882 τῆς
262 1815 532 1884 λάρνακος
577 1812 702 1883 περὶ
748 1815 922 1883 ἄκραν
967 1815 1089 1866 τινὰ
1142 1816 1306 1884 ὄρους
1355 1816 1647 1881 σταθείσης
1686 1812 1821 1864 κατὰ

65 1916 107 1948 20
130 1905 231 1971 τὴν
271 1900 562 1973 Ἀρμενίαν
610 1901 793 1964 συνεὶς
841 1903 868 1956 ὁ
916 1903 1110 1964 Νώεος
1155 1901 1365 1969 άνοίγει
1413 1899 1465 1954 τ’
1520 1901 1691 1968 αὐτὴν
1730 1897 1821 1952 καὶ

129 1992 472 2060 θεασάμενος
502 1999 606 2059 γῆν
637 1994 899 2063 βραχεῖαν
937 1990 1061 2060 περὶ
1102 1991 1293 2059 αὐτήν,
1334 1989 1420 2044 ἐπὶ
1459 1987 1821 2060 χρηστοτέρας

129 2081 233 2148 ἤδη
268 2080 506 2147 γεγονὼς
539 2078 758 2141 ἐλπίδος
790 2078 991 2149 ἠρέμει.
1057 2081 1199 2147 <91>
1241 2080 1450 2146 ὀλίγαις
1490 2077 1538 2130 δ’
1585 2078 1818 2145 ὕστερον

129 2167 353 2238 ἡμέραις
414 2171 624 2236 μᾶλλον
687 2168 1109 2239 ὑποχωροῦντος
1169 2176 1267 2221 τοῦ
1330 2168 1529 2229 ὕδατος
1592 2167 1819 2234 μεθίησι

130 2259 364 2325 κόρακα,
417 2259 757 2325 βουλόμενος
810 2263 1012 2325 μαθεῖν
1059 2263 1114 2309 εἷ’
1158 2278 1207 2309 τι
1262 2255 1352 2309 καὶ
1400 2257 1534 2308 ἄλλο
1582 2262 1676 2322 τῆς
1721 2260 1820 2320 γῆς

63 2356 106 2389 25
132 2343 548 2413 ἐκλελειμμένον
579 2344 685 2398 ὑπὸ
718 2354 816 2398 τοῦ
847 2346 1048 2408 ὕδατος
1079 2343 1320 2414 ἀσφαλές
1351 2345 1498 2397 ἐστιν
1538 2343 1643 2410 ἤδη
1683 2342 1819 2410 πρὸς

132 2434 369 2501 ἔκβασιν.
447 2431 476 2484 ὃ
526 2429 585 2484 δὲ
631 2441 811 2486 πᾶσαν
866 2435 1047 2504 εὑρὼν
1103 2436 1180 2486 ἔτι
1235 2429 1633 2502 λιμναζομένην
1682 2431 1819 2498 πρὸς

130 2521 328 2574 Νώεον
360 2519 651 2588 ἐπανῆλθε.
715 2523 847 2589 μετὰ
880 2519 928 2574 δ’
966 2521 1168 2592 ἡμέρας
1200 2520 1331 2574 ἑπτὰ
1363 2519 1688 2590 περιστερὰν
1730 2515 1817 2570 ἐπὶ

129 2611 188 2661 τὸ
240 2619 448 2677 γνῶναι
498 2609 563 2661 τὰ
619 2608 743 2678 περὶ
797 2611 896 2678 τὴν
949 2618 1054 2678 γῆν
1106 2611 1490 2679 προύπεμψεν·
1563 2608 1706 2675 <92>
1753 2601 1817 2673 ἧς

130 2695 541 2765 ἐπανελθούσης
578 2699 714 2766 πρὸς
760 2698 926 2750 αὐτὸν
974 2697 1364 2767 πεπηλωμένης
1402 2698 1512 2766 ἅμα
1551 2694 1640 2748 καὶ
1678 2699 1816 2747 θαλ-

63 2798 106 2830 30
130 2786 229 2837 λὸν
262 2783 443 2847 ἐλαίας
472 2785 815 2853 κομιζούσης,
854 2785 944 2838 καὶ
977 2788 1173 2855 μαθὼν
1206 2787 1305 2853 τὴν
1338 2793 1442 2853 γῆν
1474 2781 1815 2853 ἀπηλλαγμέ-

249 2890 271 2938 g
305 2890 358 2929 87
387 2907 442 2921 =
468 2885 578 2929 Gen.
612 2884 653 2927 V
685 2890 753 2929 30.
878 2892 901 2939 g
936 2892 988 2930 89
1017 2909 1071 2922 =
1098 2886 1208 2930 Gen.
1240 2885 1326 2929 VII
1361 2892 1426 2930 10.

1396 2960 1459 3002 2*
