2052 3141
878 60 1057 101 ΤΡΙΤΗ
1703 58 1805 107 141

121 189 240 262 ἦν),
286 192 642 260 πλησιάζουσι
691 189 739 244 δ’
788 190 1116 261 ἀπηλέγχετο
1164 193 1392 261 πονηρά.
1470 190 1558 243 καὶ
1610 192 1713 260 γὰρ
1757 193 1817 244 οὗ

119 283 392 350 φοίνικες,
432 281 584 342 ὄντες
623 280 689 332 οὐ
729 282 951 342 πλείους
991 278 1386 348 ἑβδομήκοντα,
1427 278 1714 341 δυσαυξεῖς
1753 277 1801 331 τ’

120 364 261 436 ἦσαν
291 366 381 420 καὶ
412 370 732 437 χαμαίζηλοι
767 366 836 420 δι’
877 368 1077 430 ὕδατος
1116 367 1370 436 ἀποριάν,
1409 376 1671 437 ψαφαροῦ
1711 376 1809 420 τοῦ

119 457 323 518 παντὸς
369 458 527 518 ὄντος
571 459 798 526 χωρίου·
849 456 992 524 <10>
1035 457 1160 509 οὔτε
1209 457 1312 525 γὰρ
1355 455 1412 508 ἐκ
1451 465 1560 508 τῶν
1599 465 1810 524 πηγῶν,

76 563 98 595 5
123 545 336 597 δώδεκα
376 545 560 597 οὐσῶν
600 546 697 597 τὸν
738 544 1011 613 ἀριθμόν,
1050 548 1280 611 νοτερόν
1321 564 1371 596 τι
1412 542 1501 596 καὶ
1540 547 1675 613 πρὸς
1714 546 1809 613 ἄρ-

121 633 311 684 δευσιν
352 632 538 695 αὐτοῖς
578 634 823 685 διεπίδυε
862 635 1149 702 χρήσιμον,
1190 632 1327 685 ἀλλὰ
1367 634 1438 700 μὴ
1482 631 1808 701 δυναμένων

120 719 380 788 ἐκβλύσαι
420 719 546 789 μηδ’
587 721 847 790 ἀνασχεῖν
882 722 1102 789 ἰκμάδες
1140 718 1280 789 ἦσαν
1323 721 1522 789 ὀλίγαι,
1561 720 1650 773 καὶ
1692 723 1809 773 δια-

120 807 392 876 μωμένοις
422 811 522 877 τὴν
546 810 772 878 ψάμμον
807 806 972 862 οὐδὲν
1006 809 1236 878 ἀπήντα·
1277 809 1380 862 κᾶν
1421 815 1550 862 εἴτι
1584 806 1644 861 δὲ
1686 809 1810 862 στά-

122 898 213 958 ζον
264 899 466 965 ἔλαβον
518 899 595 960 εἰς
645 907 855 967 χεῖρας,
908 899 1181 966 ἄχρηστον
1232 898 1512 967 εὑρίσκετο
1562 897 1669 950 ὑπὸ
1710 905 1809 950 τοῦ

55 1002 97 1034 10
120 986 360 1053 θολερὸν
400 981 556 1037 εἶναι.
635 986 778 1054 <11>
810 988 1022 1054 καρπόν
1061 1005 1116 1037 τε
1156 984 1347 1055 φέρειν
1385 983 1455 1053 ἦν
1495 985 1704 1053 ἀσθενῆ
1745 986 1809 1037 τὰ

121 1070 325 1141 δένδρα
373 1074 464 1125 διὰ
513 1074 714 1126 σπάνιν
761 1082 855 1141 τῆς
903 1073 956 1136 ἐξ
1005 1074 1206 1135 ὕδατος
1252 1075 1330 1135 εἰς
1368 1070 1512 1125 τοῦτ’
1559 1072 1809 1141 ἀφορμῆς

118 1158 210 1212 καὶ
247 1164 650 1229 παρακλήσεως.
729 1158 878 1230 εἶχον
920 1157 1021 1214 οὖν
1070 1161 1129 1214 ἐν
1177 1163 1322 1232 αἰτία
1368 1164 1464 1214 τὸν
1505 1163 1810 1230 στρατηγὸν

120 1246 210 1300 καὶ
249 1251 528 1318 κατεβόων
568 1249 759 1317 αὐτοῦ,
799 1251 899 1317 τὴν
931 1253 1303 1318 ταλαιπωρίαν
1344 1247 1434 1300 καὶ
1475 1249 1574 1316 τὴν
1614 1259 1809 1318 πεῖραν

121 1344 230 1388 τῶν
277 1345 462 1388 κακῶν
512 1334 581 1388 δι’
639 1337 806 1390 αὐτὸν
852 1337 1081 1405 πάσχειν
1133 1335 1397 1403 λέγοντες.
1482 1339 1808 1405 τριακοστὴν

55 1440 96 1473 15
121 1424 224 1492 γὰρ
281 1423 496 1492 ἐκείνην
553 1425 840 1486 ὁδεύοντες
885 1423 1122 1493 ἡμέραν,
1177 1425 1277 1477 ὅσα
1325 1421 1424 1492 μὲν
1478 1424 1807 1493 ἐπεφέροντο

119 1509 276 1564 πάντ’
338 1508 478 1579 ἦσαν
534 1512 906 1581 ἀνηλωκότες,
962 1512 1157 1581 μηδενὶ
1213 1509 1271 1564 δὲ
1322 1514 1810 1581 περιτυγχάνοντες

123 1598 446 1663 δυσέλπιδες
496 1598 637 1669 ἦσαν
688 1600 810 1670 περὶ
855 1611 965 1654 τῶν
1014 1601 1175 1654 ὅλων.
1255 1603 1399 1668 <12>
1440 1603 1575 1669 πρὸς
1622 1599 1681 1653 δὲ
1733 1610 1806 1673 τῷ

121 1692 353 1757 παρόντι
393 1698 538 1760 κακῷ
572 1691 672 1758 τὴν
707 1690 959 1742 διάνοιαν
1001 1692 1172 1757 ὄντες,
1211 1689 1301 1742 καὶ
1343 1690 1402 1742 ἐν
1443 1693 1626 1760 μνήμη
1667 1687 1807 1742 εἶναι

120 1787 230 1830 τῶν
269 1775 634 1845 ὑπηργμένων
675 1778 859 1840 αὐτοῖς
892 1780 949 1830 ἔκ
981 1798 1036 1830 τε
1077 1786 1175 1830 τοῦ
1212 1783 1353 1830 θεοῦ
1392 1777 1481 1830 καὶ
1520 1786 1613 1846 τῆς
1636 1782 1808 1830 Μωυ-

53 1863 243 1928 2οσέος
282 1865 475 1935 ἀρετῆς
520 1864 610 1917 καὶ
660 1864 930 1928 συνέσεως
968 1869 1341 1934 κωλυόμενοι,
1390 1864 1460 1918 δι’
1509 1866 1674 1934 ὀργῆς
1712 1868 1808 1918 τὸν

120 1956 422 2023 στρατηγὸν
455 1950 623 2023 εἶχον,
663 1952 752 2006 καὶ
785 1955 1008 2022 βάλλειν
1041 1955 1210 2007 αὐτὸν
1251 1955 1574 2024 ὡρμήκεσαν
1615 1955 1686 2016 ὡς
1729 1957 1809 2006 αι’-

117 2042 380 2094 τιώτατον
430 2049 524 2109 τῆς
578 2040 637 2093 έν
685 2041 814 2095 ποσὶ
863 2051 1162 2113 συμφορᾶς.
1243 2043 1386 2110 <13>
1435 2042 1462 2094 ὃ
1514 2041 1588 2110 δ’,
1637 2043 1809 2105 οὕτως

119 2128 564 2199 ἀνηρεθισμένου
625 2139 725 2183 τοῦ
787 2133 1038 2198 πλήθους
1097 2130 1187 2183 καὶ
1240 2139 1445 2199 πικρῶς
1500 2129 1580 2182 ἐπ’
1639 2131 1808 2183 αὐτὸν

118 2216 512 2286 κεκινημένου,
567 2226 640 2289 τῷ
687 2224 802 2290 θεῷ
851 2224 1080 2288 θαρρῶν
1127 2218 1217 2271 καὶ
1263 2226 1336 2290 τῷ
1388 2220 1664 2271 συνειδότι
1715 2227 1809 2286 τῆς

54 2319 97 2353 25
120 2305 243 2375 περὶ
297 2309 426 2367 τοὺς
478 2307 795 2374 ὁμοφύλους
847 2309 1139 2374 προνοίας,
1186 2308 1438 2376 πάρεισιν
1487 2308 1563 2368 εἰς
1609 2305 1808 2374 μέσους

119 2391 210 2445 καὶ
248 2394 647 2462 καταβοώντων
678 2392 769 2445 καὶ
801 2395 895 2456 τὰς
934 2403 1115 2463 χεῖρας
1156 2393 1242 2447 ε’πὶ
1282 2404 1395 2456 τοῖς
1435 2397 1615 2455 λίθοις
1655 2393 1808 2463 ἐχόν-

119 2501 256 2548 των,
297 2482 576 2551 ὁραθῆναί
611 2500 666 2533 τε
705 2480 1090 2550 κεχαρισμένος
1132 2483 1208 2534 ὢν
1249 2480 1338 2534 καὶ
1377 2483 1649 2548 πλήθεσιν
1690 2482 1808 2550 ὁμι-

121 2573 237 2621 λεῖν
285 2569 667 2630 πιθανώτατος
713 2570 1044 2621 καταπαύειν
1090 2569 1289 2638 ἤρξατο
1344 2577 1437 2636 τῆς
1488 2569 1678 2638 ὀργῆς,
1734 2572 1805 2638 μὴ

119 2666 230 2710 τῶν
276 2659 568 2726 παρόντων
616 2656 815 2718 αὐτοὺς
863 2658 1150 2710 δυσκόλων
1199 2656 1578 2725 μεμνημένους
1626 2659 1808 2725 λήθην

53 2757 97 2788 30
121 2747 265 2814 ἔχειν
326 2754 436 2798 τῶν
500 2748 813 2814 ἔμπροσθεν
869 2745 1196 2815 εὐεργεσιῶν
1244 2750 1603 2815 παρακαλῶν,
1662 2747 1806 2813 <14>

240 2851 263 2898 ξ
299 2850 353 2889 10
380 2867 435 2881 --
459 2845 602 2888 Exod.
636 2845 720 2888 XV
753 2851 822 2890 27.
