<?xml version="1.0" encoding="UTF-8"?>
<!DOCTYPE html PUBLIC "-//W3C//DTD XHTML 1.0 Transitional//EN"
    "http://www.w3.org/TR/xhtml1/DTD/xhtml1-transitional.dtd">
<html xmlns="http://www.w3.org/1999/xhtml" xml:lang="en" lang="en">
 <head>
  <title>
</title>
<meta http-equiv="Content-Type" content="text/html;charset=utf-8" />
  <meta name='ocr-system' content='tesseract 3.04.00' />
  <meta name='ocr-capabilities' content='ocr_page ocr_carea ocr_par ocr_line ocrx_word'/>
</head>
<body>
  <div class='ocr_page' id='page_1' title='image "./flaviiiosephiope01joseuoft_0271.png"; bbox 0 0 2052 3141; ppageno 0'>
   <div class='ocr_carea' id='block_1_1' title="bbox 830 95 1803 148">
    <p class='ocr_par' dir='ltr' id='par_1_1' title="bbox 830 95 1803 148">
     <span class='ocr_line' id='line_1_1' title="bbox 830 95 1803 148; baseline 0.008 -10"><span class='ocrx_word' id='word_1_1' title='bbox 830 97 1104 138; x_wconf 84' lang='lat' dir='ltr'><strong>TETAPTH</strong></span> <span class='ocrx_word' id='word_1_2' title='bbox 1681 95 1803 148; x_wconf 48' lang='lat'><em>*237</em></span> 
     </span>
    </p>
   </div>
   <div class='ocr_carea' id='block_1_2' title="bbox 57 229 1871 2940">
    <p class='ocr_par' dir='ltr' id='par_1_2' title="bbox 57 229 1871 2940">
     <span class='ocr_line' id='line_1_2' title="bbox 121 229 1806 300; baseline -0.002 -15"><span class='ocrx_word' id='word_1_3' title='bbox 121 237 274 300; x_wconf 91' lang='grc' dir='ltr'><em>σθαι,</em></span> <span class='ocrx_word' id='word_1_4' title='bbox 312 232 526 293; x_wconf 80' lang='grc' dir='ltr'><strong><em>τούτοις</em></strong></span> <span class='ocrx_word' id='word_1_5' title='bbox 556 235 919 299; x_wconf 78' lang='grc' dir='ltr'><em>πειθαρχεῖτε,</em></span> <span class='ocrx_word' id='word_1_6' title='bbox 959 229 1048 282; x_wconf 84' lang='grc' dir='ltr'><em>καὶ</em></span> <span class='ocrx_word' id='word_1_7' title='bbox 1081 233 1210 298; x_wconf 91' lang='grc' dir='ltr'><em>μήτε</em></span> <span class='ocrx_word' id='word_1_8' title='bbox 1247 233 1498 298; x_wconf 81' lang='grc' dir='ltr'><em>νομίμων</em></span> <span class='ocrx_word' id='word_1_9' title='bbox 1528 239 1638 282; x_wconf 85' lang='grc' dir='ltr'><em>τῶν</em></span> <span class='ocrx_word' id='word_1_10' title='bbox 1671 247 1806 297; x_wconf 88' lang='grc' dir='ltr'><em>παρ-</em></span> 
     </span>
     <span class='ocr_line' id='line_1_3' title="bbox 122 313 1809 388; baseline -0.003 -14"><span class='ocrx_word' id='word_1_11' title='bbox 122 323 299 374; x_wconf 82' lang='grc' dir='ltr'><strong><em>όντων</em></strong></span> <span class='ocrx_word' id='word_1_12' title='bbox 339 321 512 387; x_wconf 78' lang='grc' dir='ltr'><em>ἄλλην</em></span> <span class='ocrx_word' id='word_1_13' title='bbox 550 320 914 388; x_wconf 78' lang='grc' dir='ltr'><strong><em>προτιμήσητε</em></strong></span> <span class='ocrx_word' id='word_1_14' title='bbox 956 317 1220 385; x_wconf 79' lang='grc' dir='ltr'><em>διάταξιν,</em></span> <span class='ocrx_word' id='word_1_15' title='bbox 1260 316 1380 385; x_wconf 87' lang='grc' dir='ltr'><em>μήτ’</em></span> <span class='ocrx_word' id='word_1_16' title='bbox 1428 318 1707 386; x_wconf 79' lang='grc' dir='ltr'><em>εὐσεβείας</em></span> <span class='ocrx_word' id='word_1_17' title='bbox 1745 313 1809 385; x_wconf 76' lang='grc' dir='ltr'><em>ἧς</em></span> 
     </span>
     <span class='ocr_line' id='line_1_4' title="bbox 119 406 1810 478; baseline -0.001 -17"><span class='ocrx_word' id='word_1_18' title='bbox 119 416 225 461; x_wconf 90' lang='grc' dir='ltr'><em>νῦν</em></span> <span class='ocrx_word' id='word_1_19' title='bbox 263 406 388 478; x_wconf 84' lang='grc' dir='ltr'><em>περὶ</em></span> <span class='ocrx_word' id='word_1_20' title='bbox 427 409 525 461; x_wconf 93' lang='grc' dir='ltr'><em>τὸν</em></span> <span class='ocrx_word' id='word_1_21' title='bbox 562 409 701 460; x_wconf 88' lang='grc' dir='ltr'><em>θεὸν</em></span> <span class='ocrx_word' id='word_1_22' title='bbox 752 409 924 476; x_wconf 83' lang='grc' dir='ltr'><em>ἔχετε,</em></span> <span class='ocrx_word' id='word_1_23' title='bbox 970 408 1484 475; x_wconf 75' lang='grc' dir='ltr'><em>καταφρονήσαντες</em></span> <span class='ocrx_word' id='word_1_24' title='bbox 1523 408 1600 469; x_wconf 79' lang='grc' dir='ltr'><em>εἰς</em></span> <span class='ocrx_word' id='word_1_25' title='bbox 1640 407 1810 459; x_wconf 77' lang='grc' dir='ltr'><em>ἄλλον</em></span> 
     </span>
     <span class='ocr_line' id='line_1_5' title="bbox 120 492 1810 565; baseline -0.002 -16"><span class='ocrx_word' id='word_1_26' title='bbox 120 498 532 565; x_wconf 83' lang='grc' dir='ltr'><em>μεταστήσησθε</em></span> <span class='ocrx_word' id='word_1_27' title='bbox 579 498 799 563; x_wconf 79' lang='grc' dir='ltr'><strong><em>τρόπον.</em></strong></span> <span class='ocrx_word' id='word_1_28' title='bbox 878 503 1047 548; x_wconf 90' lang='grc' dir='ltr'><em>ταῦτα</em></span> <span class='ocrx_word' id='word_1_29' title='bbox 1095 492 1156 547; x_wconf 76' lang='grc' dir='ltr'><em>δὲ</em></span> <span class='ocrx_word' id='word_1_30' title='bbox 1203 494 1528 563; x_wconf 77' lang='grc' dir='ltr'><em>πράττοντες</em></span> <span class='ocrx_word' id='word_1_31' title='bbox 1575 494 1810 563; x_wconf 84' lang='grc' dir='ltr'><em>ἀλκιμώ-</em></span> 
     </span>
     <span class='ocr_line' id='line_1_6' title="bbox 76 581 1810 654; baseline 0 -18"><span class='ocrx_word' id='word_1_32' title='bbox 76 599 96 630; x_wconf 85' lang='lat'>5</span> <span class='ocrx_word' id='word_1_33' title='bbox 120 603 271 637; x_wconf 89' lang='grc' dir='ltr'><em>τατοι</em></span> <span class='ocrx_word' id='word_1_34' title='bbox 326 584 499 654; x_wconf 80' lang='grc' dir='ltr'><em>μάχας</em></span> <span class='ocrx_word' id='word_1_35' title='bbox 553 585 853 651; x_wconf 76' lang='grc' dir='ltr'><em>διενεγκεῖν</em></span> <span class='ocrx_word' id='word_1_36' title='bbox 909 582 1165 635; x_wconf 78' lang='grc' dir='ltr'><em>ἁπάντων</em></span> <span class='ocrx_word' id='word_1_37' title='bbox 1221 585 1414 635; x_wconf 78' lang='grc' dir='ltr'><em>ἔσεσθε</em></span> <span class='ocrx_word' id='word_1_38' title='bbox 1470 581 1561 634; x_wconf 83' lang='grc' dir='ltr'><em>καὶ</em></span> <span class='ocrx_word' id='word_1_39' title='bbox 1616 582 1810 651; x_wconf 84' lang='grc' dir='ltr'><em>μηδενὶ</em></span> 
     </span>
     <span class='ocr_line' id='line_1_7' title="bbox 122 671 1811 742; baseline 0 -18"><span class='ocrx_word' id='word_1_40' title='bbox 122 681 232 725; x_wconf 86' lang='grc' dir='ltr'><em>τῶν</em></span> <span class='ocrx_word' id='word_1_41' title='bbox 265 671 485 742; x_wconf 79' lang='grc' dir='ltr'><strong><em>ἐχθρῶν</em></strong></span> <span class='ocrx_word' id='word_1_42' title='bbox 518 671 804 724; x_wconf 58' lang='grc' dir='ltr'><em>εὐάλωτον</em></span> <span class='ocrx_word' id='word_1_43' title='bbox 845 671 1026 739; x_wconf 75' lang='grc'>&lt;182&gt;</span> <span class='ocrx_word' id='word_1_44' title='bbox 1060 676 1200 723; x_wconf 90' lang='grc' dir='ltr'><em>θεοῦ</em></span> <span class='ocrx_word' id='word_1_45' title='bbox 1233 671 1336 740; x_wconf 78' lang='grc' dir='ltr'><em>γὰρ</em></span> <span class='ocrx_word' id='word_1_46' title='bbox 1369 673 1640 738; x_wconf 87' lang='grc' dir='ltr'><em>παρόντος</em></span> <span class='ocrx_word' id='word_1_47' title='bbox 1677 671 1811 739; x_wconf 83' lang='grc' dir='ltr'><em>ὑμῖν</em></span> 
     </span>
     <span class='ocr_line' id='line_1_8' title="bbox 121 757 1812 828; baseline -0.002 -15"><span class='ocrx_word' id='word_1_48' title='bbox 121 763 369 828; x_wconf 79' lang='grc' dir='ltr'><em>βοηθοῦ,</em></span> <span class='ocrx_word' id='word_1_49' title='bbox 407 760 629 812; x_wconf 78' lang='grc' dir='ltr'><em>πάντων</em></span> <span class='ocrx_word' id='word_1_50' title='bbox 667 768 1025 828; x_wconf 79' lang='grc' dir='ltr'><em>περιφρονεῖν</em></span> <span class='ocrx_word' id='word_1_51' title='bbox 1064 760 1312 826; x_wconf 80' lang='grc' dir='ltr'><em>εὔλογον.</em></span> <span class='ocrx_word' id='word_1_52' title='bbox 1389 766 1483 826; x_wconf 86' lang='grc' dir='ltr'><em>τῆς</em></span> <span class='ocrx_word' id='word_1_53' title='bbox 1524 757 1570 810; x_wconf 81' lang='grc' dir='ltr'><em>δ’</em></span> <span class='ocrx_word' id='word_1_54' title='bbox 1620 758 1812 827; x_wconf 76' lang='grc' dir='ltr'><em>ἀρετῆς</em></span> 
     </span>
     <span class='ocr_line' id='line_1_9' title="bbox 122 848 1812 915; baseline -0.001 -15"><span class='ocrx_word' id='word_1_55' title='bbox 122 850 336 900; x_wconf 79' lang='grc' dir='ltr'><em>ἔπαθλα</em></span> <span class='ocrx_word' id='word_1_56' title='bbox 366 848 499 915; x_wconf 88' lang='grc' dir='ltr'><em>ὑμῖν</em></span> <span class='ocrx_word' id='word_1_57' title='bbox 533 848 740 915; x_wconf 82' lang='grc' dir='ltr'><em>μεγάλα</em></span> <span class='ocrx_word' id='word_1_58' title='bbox 774 855 945 899; x_wconf 87' lang='grc' dir='ltr'><em>κεῖται</em></span> <span class='ocrx_word' id='word_1_59' title='bbox 977 849 1113 915; x_wconf 85' lang='grc' dir='ltr'><em>πρὸς</em></span> <span class='ocrx_word' id='word_1_60' title='bbox 1145 848 1356 899; x_wconf 76' lang='grc' dir='ltr'><em>ἅπαντα</em></span> <span class='ocrx_word' id='word_1_61' title='bbox 1388 849 1484 899; x_wconf 90' lang='grc' dir='ltr'><em>τὸν</em></span> <span class='ocrx_word' id='word_1_62' title='bbox 1523 850 1648 915; x_wconf 89' lang='grc' dir='ltr'><em>βίον</em></span> <span class='ocrx_word' id='word_1_63' title='bbox 1687 866 1812 915; x_wconf 89' lang='grc' dir='ltr'><em>κτη-</em></span> 
     </span>
     <span class='ocr_line' id='line_1_10' title="bbox 122 933 1813 1004; baseline 0 -16"><span class='ocrx_word' id='word_1_64' title='bbox 122 934 398 1004; x_wconf 91' lang='grc' dir='ltr'><em>σαμένοις·</em></span> <span class='ocrx_word' id='word_1_65' title='bbox 449 935 582 1003; x_wconf 80' lang='grc' dir='ltr'><em>αὕτη</em></span> <span class='ocrx_word' id='word_1_66' title='bbox 631 933 695 1002; x_wconf 88' lang='grc' dir='ltr'><em>γέ</em></span> <span class='ocrx_word' id='word_1_67' title='bbox 731 954 815 988; x_wconf 93' lang='grc' dir='ltr'><em>τοι</em></span> <span class='ocrx_word' id='word_1_68' title='bbox 854 945 1072 1002; x_wconf 87' lang='grc' dir='ltr'><em>πρῶτον</em></span> <span class='ocrx_word' id='word_1_69' title='bbox 1113 934 1343 1001; x_wconf 84' lang='grc' dir='ltr'><em>ἀγαθῶν</em></span> <span class='ocrx_word' id='word_1_70' title='bbox 1381 936 1441 987; x_wconf 90' lang='grc' dir='ltr'><em>τὸ</em></span> <span class='ocrx_word' id='word_1_71' title='bbox 1482 933 1813 1004; x_wconf 86' lang='grc' dir='ltr'><em>πρέσβιστόν</em></span> 
     </span>
     <span class='ocr_line' id='line_1_11' title="bbox 57 1021 1813 1092; baseline -0.001 -16"><span class='ocrx_word' id='word_1_72' title='bbox 57 1039 98 1070; x_wconf 83' lang='grc'><em>10</em></span> <span class='ocrx_word' id='word_1_73' title='bbox 124 1023 290 1092; x_wconf 82' lang='grc' dir='ltr'><em>ἐστιν,</em></span> <span class='ocrx_word' id='word_1_74' title='bbox 331 1025 514 1076; x_wconf 84' lang='grc' dir='ltr'><em>ἔπειτα</em></span> <span class='ocrx_word' id='word_1_75' title='bbox 545 1021 636 1075; x_wconf 85' lang='grc' dir='ltr'><em>καὶ</em></span> <span class='ocrx_word' id='word_1_76' title='bbox 668 1024 767 1091; x_wconf 85' lang='grc' dir='ltr'><em>τὴν</em></span> <span class='ocrx_word' id='word_1_77' title='bbox 800 1032 912 1075; x_wconf 82' lang='grc' dir='ltr'><em>τῶν</em></span> <span class='ocrx_word' id='word_1_78' title='bbox 945 1024 1128 1074; x_wconf 80' lang='grc' dir='ltr'><em>ἄλλων</em></span> <span class='ocrx_word' id='word_1_79' title='bbox 1160 1025 1429 1092; x_wconf 81' lang='grc' dir='ltr'><em>χαρίζεται</em></span> <span class='ocrx_word' id='word_1_80' title='bbox 1469 1026 1813 1091; x_wconf 88' lang='grc' dir='ltr'><em>περιουσίαν,</em></span> 
     </span>
     <span class='ocr_line' id='line_1_12' title="bbox 124 1108 1812 1181; baseline 0 -17"><span class='ocrx_word' id='word_1_81' title='bbox 124 1113 304 1180; x_wconf 81' lang='grc'>&lt;183&gt;</span> <span class='ocrx_word' id='word_1_82' title='bbox 357 1113 430 1174; x_wconf 81' lang='grc' dir='ltr'><em>ὡς</em></span> <span class='ocrx_word' id='word_1_83' title='bbox 478 1110 569 1164; x_wconf 86' lang='grc' dir='ltr'><em>καὶ</em></span> <span class='ocrx_word' id='word_1_84' title='bbox 627 1113 762 1181; x_wconf 90' lang='grc' dir='ltr'><em>πρὸς</em></span> <span class='ocrx_word' id='word_1_85' title='bbox 815 1109 1088 1178; x_wconf 81' lang='grc' dir='ltr'><em>ἀλλήλους</em></span> <span class='ocrx_word' id='word_1_86' title='bbox 1137 1110 1270 1178; x_wconf 83' lang='grc' dir='ltr'><em>ὑμῖν</em></span> <span class='ocrx_word' id='word_1_87' title='bbox 1321 1108 1622 1180; x_wconf 83' lang='grc' dir='ltr'><em>χρωμένοις</em></span> <span class='ocrx_word' id='word_1_88' title='bbox 1678 1111 1812 1180; x_wconf 78' lang='grc' dir='ltr'><em>αὐτῇ</em></span> 
     </span>
     <span class='ocr_line' id='line_1_13' title="bbox 123 1197 1871 1269; baseline -0.001 -17"><span class='ocrx_word' id='word_1_89' title='bbox 123 1202 460 1269; x_wconf 89' lang='grc' dir='ltr'><em>μακαριστὸν</em></span> <span class='ocrx_word' id='word_1_90' title='bbox 484 1207 708 1267; x_wconf 84' lang='grc' dir='ltr'><em>ποιῆσαι</em></span> <span class='ocrx_word' id='word_1_91' title='bbox 733 1201 829 1252; x_wconf 90' lang='grc' dir='ltr'><em>τὸν</em></span> <span class='ocrx_word' id='word_1_92' title='bbox 855 1202 981 1267; x_wconf 87' lang='grc' dir='ltr'><em>βίον</em></span> <span class='ocrx_word' id='word_1_93' title='bbox 1013 1197 1105 1251; x_wconf 86' lang='grc' dir='ltr'><em>καὶ</em></span> <span class='ocrx_word' id='word_1_94' title='bbox 1135 1207 1247 1251; x_wconf 87' lang='grc' dir='ltr'><em>τῶν</em></span> <span class='ocrx_word' id='word_1_95' title='bbox 1280 1198 1613 1267; x_wconf 78' lang='grc' dir='ltr'><em>ἀλλοφύλων</em></span> <span class='ocrx_word' id='word_1_96' title='bbox 1645 1197 1814 1252; x_wconf 82' lang='grc' dir='ltr'><em>πλέον</em></span> <span class='ocrx_word' id='word_1_97' title='bbox 1868 1240 1871 1243; x_wconf 31' lang='lat'><strong>⁴</strong></span> 
     </span>
     <span class='ocr_line' id='line_1_14' title="bbox 125 1284 1814 1356; baseline -0.001 -15"><span class='ocrx_word' id='word_1_98' title='bbox 125 1287 540 1356; x_wconf 80' lang='grc' dir='ltr'><em>δοξαζομένους,</em></span> <span class='ocrx_word' id='word_1_99' title='bbox 573 1287 834 1356; x_wconf 90' lang='grc' dir='ltr'><em>ἀδήριτόν</em></span> <span class='ocrx_word' id='word_1_100' title='bbox 860 1307 915 1339; x_wconf 91' lang='grc' dir='ltr'><em>τε</em></span> <span class='ocrx_word' id='word_1_101' title='bbox 940 1288 1086 1356; x_wconf 82' lang='grc' dir='ltr'><em>παρὰ</em></span> <span class='ocrx_word' id='word_1_102' title='bbox 1110 1297 1223 1349; x_wconf 93' lang='grc' dir='ltr'><em>τοῖς</em></span> <span class='ocrx_word' id='word_1_103' title='bbox 1248 1284 1414 1349; x_wconf 82' lang='grc' dir='ltr'><em>αὖθις</em></span> <span class='ocrx_word' id='word_1_104' title='bbox 1436 1288 1537 1354; x_wconf 83' lang='grc' dir='ltr'><em>τὴν</em></span> <span class='ocrx_word' id='word_1_105' title='bbox 1562 1289 1814 1340; x_wconf 79' lang='grc' dir='ltr'><em>εὔκλειαν</em></span> 
     </span>
     <span class='ocr_line' id='line_1_15' title="bbox 122 1374 1818 1446; baseline -0.001 -17"><span class='ocrx_word' id='word_1_106' title='bbox 122 1377 256 1446; x_wconf 85' lang='grc' dir='ltr'><em>ὑμῖν</em></span> <span class='ocrx_word' id='word_1_107' title='bbox 289 1376 539 1446; x_wconf 76' lang='grc' dir='ltr'><em>ὑπάρξαι.</em></span> <span class='ocrx_word' id='word_1_108' title='bbox 603 1377 813 1429; x_wconf 92' lang='grc' dir='ltr'><em>τούτων</em></span> <span class='ocrx_word' id='word_1_109' title='bbox 847 1374 895 1428; x_wconf 87' lang='grc' dir='ltr'><em>δ’</em></span> <span class='ocrx_word' id='word_1_110' title='bbox 938 1375 1005 1428; x_wconf 79' lang='grc' dir='ltr'><em>ἂν</em></span> <span class='ocrx_word' id='word_1_111' title='bbox 1047 1374 1337 1444; x_wconf 82' lang='grc' dir='ltr'><em>ἐφικέσθαι</em></span> <span class='ocrx_word' id='word_1_112' title='bbox 1378 1377 1727 1444; x_wconf 82' lang='grc' dir='ltr'><em>δυνηθείητε,</em></span> <span class='ocrx_word' id='word_1_113' title='bbox 1767 1377 1818 1428; x_wconf 84' lang='grc' dir='ltr'><em>εί</em></span> 
     </span>
     <span class='ocr_line' id='line_1_16' title="bbox 58 1465 1815 1534; baseline -0.002 -15"><span class='ocrx_word' id='word_1_114' title='bbox 58 1480 99 1512; x_wconf 85' lang='grc'><em>15</em></span> <span class='ocrx_word' id='word_1_115' title='bbox 122 1475 232 1518; x_wconf 83' lang='grc' dir='ltr'><em>τῶν</em></span> <span class='ocrx_word' id='word_1_116' title='bbox 278 1468 498 1534; x_wconf 91' lang='grc' dir='ltr'><em>νόμων,</em></span> <span class='ocrx_word' id='word_1_117' title='bbox 550 1465 645 1527; x_wconf 86' lang='grc' dir='ltr'><em>οὓς</em></span> <span class='ocrx_word' id='word_1_118' title='bbox 690 1465 1173 1533; x_wconf 75' lang='grc' dir='ltr'><em>ὑπαγορεύσαντός</em></span> <span class='ocrx_word' id='word_1_119' title='bbox 1220 1485 1313 1532; x_wconf 93' lang='grc' dir='ltr'><em>μοι</em></span> <span class='ocrx_word' id='word_1_120' title='bbox 1360 1472 1458 1517; x_wconf 93' lang='grc' dir='ltr'><em>τοῦ</em></span> <span class='ocrx_word' id='word_1_121' title='bbox 1505 1470 1644 1517; x_wconf 83' lang='grc' dir='ltr'><em>θεοῦ</em></span> <span class='ocrx_word' id='word_1_122' title='bbox 1685 1479 1815 1517; x_wconf 89' lang='grc' dir='ltr'><em>συν-</em></span> 
     </span>
     <span class='ocr_line' id='line_1_17' title="bbox 123 1550 1814 1623; baseline -0.001 -17"><span class='ocrx_word' id='word_1_123' title='bbox 123 1552 411 1622; x_wconf 78' lang='grc' dir='ltr'><em>εταξάμην,</em></span> <span class='ocrx_word' id='word_1_124' title='bbox 450 1556 708 1621; x_wconf 89' lang='grc' dir='ltr'><em>κατήκοοι</em></span> <span class='ocrx_word' id='word_1_125' title='bbox 732 1551 823 1605; x_wconf 86' lang='grc' dir='ltr'><em>καὶ</em></span> <span class='ocrx_word' id='word_1_126' title='bbox 847 1554 1087 1622; x_wconf 89' lang='grc' dir='ltr'><em>φύλακες</em></span> <span class='ocrx_word' id='word_1_127' title='bbox 1118 1551 1376 1619; x_wconf 89' lang='grc' dir='ltr'><em>γένοισθε</em></span> <span class='ocrx_word' id='word_1_128' title='bbox 1400 1552 1491 1605; x_wconf 83' lang='grc' dir='ltr'><em>καὶ</em></span> <span class='ocrx_word' id='word_1_129' title='bbox 1515 1550 1814 1623; x_wconf 75' lang='grc' dir='ltr'><em>μελετῴητε</em></span> 
     </span>
     <span class='ocr_line' id='line_1_18' title="bbox 123 1638 1816 1710; baseline -0.001 -16"><span class='ocrx_word' id='word_1_130' title='bbox 123 1643 223 1710; x_wconf 84' lang='grc' dir='ltr'><em>τὴν</em></span> <span class='ocrx_word' id='word_1_131' title='bbox 272 1643 498 1694; x_wconf 90' lang='grc' dir='ltr'><em>σύνεσιν</em></span> <span class='ocrx_word' id='word_1_132' title='bbox 545 1641 740 1694; x_wconf 81' lang='grc' dir='ltr'><em>αὐτῶν.</em></span> <span class='ocrx_word' id='word_1_133' title='bbox 820 1641 1003 1709; x_wconf 73' lang='lat'>(184)</span> <span class='ocrx_word' id='word_1_134' title='bbox 1051 1642 1237 1708; x_wconf 77' lang='grc' dir='ltr'><em>ἄπειμι</em></span> <span class='ocrx_word' id='word_1_135' title='bbox 1288 1638 1341 1692; x_wconf 74' lang='grc' dir='ltr'><em>δ’</em></span> <span class='ocrx_word' id='word_1_136' title='bbox 1396 1641 1561 1704; x_wconf 86' lang='grc' dir='ltr'><em>αὐτὸς</em></span> <span class='ocrx_word' id='word_1_137' title='bbox 1608 1644 1816 1710; x_wconf 88' lang='grc' dir='ltr'><em>χαίρων</em></span> 
     </span>
     <span class='ocr_line' id='line_1_19' title="bbox 126 1726 1816 1799; baseline -0.001 -17"><span class='ocrx_word' id='word_1_138' title='bbox 126 1729 212 1782; x_wconf 85' lang='grc' dir='ltr'><em>ἐπὶ</em></span> <span class='ocrx_word' id='word_1_139' title='bbox 245 1739 358 1791; x_wconf 89' lang='grc' dir='ltr'><em>τοῖς</em></span> <span class='ocrx_word' id='word_1_140' title='bbox 390 1728 673 1799; x_wconf 87' lang='grc' dir='ltr'><em>ὑμετέροις</em></span> <span class='ocrx_word' id='word_1_141' title='bbox 705 1729 957 1797; x_wconf 90' lang='grc' dir='ltr'><em>ἀγαθοῖς,</em></span> <span class='ocrx_word' id='word_1_142' title='bbox 988 1726 1424 1798; x_wconf 87' lang='grc' dir='ltr'><em>παρατιθέμενος</em></span> <span class='ocrx_word' id='word_1_143' title='bbox 1454 1728 1597 1797; x_wconf 80' lang='grc' dir='ltr'><em>ὑμᾶς</em></span> <span class='ocrx_word' id='word_1_144' title='bbox 1627 1732 1816 1797; x_wconf 92' lang='grc' dir='ltr'><em>νόμων</em></span> 
     </span>
     <span class='ocr_line' id='line_1_20' title="bbox 124 1816 1817 1890; baseline 0 -20"><span class='ocrx_word' id='word_1_145' title='bbox 124 1838 181 1871; x_wconf 89' lang='grc' dir='ltr'><em>τε</em></span> <span class='ocrx_word' id='word_1_146' title='bbox 222 1819 557 1888; x_wconf 82' lang='grc' dir='ltr'><em>σωφροσύνῃ</em></span> <span class='ocrx_word' id='word_1_147' title='bbox 597 1817 687 1870; x_wconf 86' lang='grc' dir='ltr'><em>καὶ</em></span> <span class='ocrx_word' id='word_1_148' title='bbox 733 1821 920 1890; x_wconf 80' lang='grc' dir='ltr'><em>κόσμῳ</em></span> <span class='ocrx_word' id='word_1_149' title='bbox 968 1824 1061 1885; x_wconf 81' lang='grc' dir='ltr'><em>τῆς</em></span> <span class='ocrx_word' id='word_1_150' title='bbox 1110 1821 1386 1880; x_wconf 87' lang='grc' dir='ltr'><em>πολιτείας</em></span> <span class='ocrx_word' id='word_1_151' title='bbox 1423 1816 1513 1870; x_wconf 84' lang='grc' dir='ltr'><em>καὶ</em></span> <span class='ocrx_word' id='word_1_152' title='bbox 1552 1827 1668 1880; x_wconf 89' lang='grc' dir='ltr'><em>ταῖς</em></span> <span class='ocrx_word' id='word_1_153' title='bbox 1707 1828 1817 1870; x_wconf 84' lang='grc' dir='ltr'><em>τῶν</em></span> 
     </span>
     <span class='ocr_line' id='line_1_21' title="bbox 61 1905 1818 1977; baseline -0.001 -17"><span class='ocrx_word' id='word_1_154' title='bbox 61 1921 103 1952; x_wconf 82' lang='lat'><em>20</em></span> <span class='ocrx_word' id='word_1_155' title='bbox 128 1905 446 1977; x_wconf 68' lang='grc' dir='ltr'><em>στρατηγῶν</em></span> <span class='ocrx_word' id='word_1_156' title='bbox 473 1906 705 1977; x_wconf 90' lang='grc' dir='ltr'><em>ἀρεταῖς,</em></span> <span class='ocrx_word' id='word_1_157' title='bbox 738 1910 795 1960; x_wconf 82' lang='grc' dir='ltr'><em>οἳ</em></span> <span class='ocrx_word' id='word_1_158' title='bbox 816 1909 1086 1976; x_wconf 89' lang='grc' dir='ltr'><em>πρόνοιαν</em></span> <span class='ocrx_word' id='word_1_159' title='bbox 1112 1906 1330 1969; x_wconf 75' lang='grc' dir='ltr'><em>ἕξουσιν</em></span> <span class='ocrx_word' id='word_1_160' title='bbox 1362 1907 1519 1975; x_wconf 84' lang='grc' dir='ltr'><em>ὑμῶν</em></span> <span class='ocrx_word' id='word_1_161' title='bbox 1552 1915 1650 1959; x_wconf 94' lang='grc' dir='ltr'><em>τοῦ</em></span> <span class='ocrx_word' id='word_1_162' title='bbox 1683 1920 1818 1974; x_wconf 89' lang='grc' dir='ltr'><em>συμ-</em></span> 
     </span>
     <span class='ocr_line' id='line_1_22' title="bbox 126 1993 1819 2064; baseline -0.001 -16"><span class='ocrx_word' id='word_1_163' title='bbox 126 1994 407 2064; x_wconf 87' lang='grc' dir='ltr'><em>φέροντος.</em></span> <span class='ocrx_word' id='word_1_164' title='bbox 494 1995 676 2063; x_wconf 82' lang='grc'>&lt;185&gt;</span> <span class='ocrx_word' id='word_1_165' title='bbox 720 1998 854 2057; x_wconf 92' lang='grc' dir='ltr'><em>θεός</em></span> <span class='ocrx_word' id='word_1_166' title='bbox 898 2015 953 2047; x_wconf 93' lang='grc' dir='ltr'><em>τε</em></span> <span class='ocrx_word' id='word_1_167' title='bbox 1002 1995 1030 2047; x_wconf 91' lang='grc' dir='ltr'>ὁ</span> <span class='ocrx_word' id='word_1_168' title='bbox 1083 1993 1239 2064; x_wconf 90' lang='grc' dir='ltr'><em>μέχρι</em></span> <span class='ocrx_word' id='word_1_169' title='bbox 1289 2004 1396 2048; x_wconf 91' lang='grc' dir='ltr'><em>νῦν</em></span> <span class='ocrx_word' id='word_1_170' title='bbox 1447 1994 1819 2064; x_wconf 84' lang='grc' dir='ltr'><em>ἡγεμονεύσας</em></span> 
     </span>
     <span class='ocr_line' id='line_1_23' title="bbox 124 2080 1818 2153; baseline 0 -18"><span class='ocrx_word' id='word_1_171' title='bbox 124 2084 309 2153; x_wconf 85' lang='grc' dir='ltr'><em>ὑμῶν,</em></span> <span class='ocrx_word' id='word_1_172' title='bbox 356 2082 485 2136; x_wconf 78' lang='grc' dir='ltr'><em>καθ’</em></span> <span class='ocrx_word' id='word_1_173' title='bbox 533 2080 599 2136; x_wconf 88' lang='grc' dir='ltr'><em>οὗ</em></span> <span class='ocrx_word' id='word_1_174' title='bbox 646 2085 915 2152; x_wconf 86' lang='grc' dir='ltr'><em>βούλησιν</em></span> <span class='ocrx_word' id='word_1_175' title='bbox 962 2082 1109 2151; x_wconf 86' lang='grc' dir='ltr'><em>κάγὼ</em></span> <span class='ocrx_word' id='word_1_176' title='bbox 1161 2086 1424 2153; x_wconf 90' lang='grc' dir='ltr'><em>χρήσιμος</em></span> <span class='ocrx_word' id='word_1_177' title='bbox 1461 2084 1595 2153; x_wconf 86' lang='grc' dir='ltr'><em>ὑμῖν</em></span> <span class='ocrx_word' id='word_1_178' title='bbox 1637 2083 1818 2151; x_wconf 84' lang='grc' dir='ltr'><em>ἐγενό-</em></span> 
     </span>
     <span class='ocr_line' id='line_1_24' title="bbox 127 2171 1818 2241; baseline 0 -17"><span class='ocrx_word' id='word_1_179' title='bbox 127 2192 254 2240; x_wconf 89' lang='grc' dir='ltr'><em>μην,</em></span> <span class='ocrx_word' id='word_1_180' title='bbox 295 2171 361 2224; x_wconf 87' lang='grc' dir='ltr'><em>οὐ</em></span> <span class='ocrx_word' id='word_1_181' title='bbox 403 2171 559 2241; x_wconf 89' lang='grc' dir='ltr'><em>μέχρι</em></span> <span class='ocrx_word' id='word_1_182' title='bbox 598 2179 698 2224; x_wconf 93' lang='grc' dir='ltr'><em>τοῦ</em></span> <span class='ocrx_word' id='word_1_183' title='bbox 732 2173 897 2241; x_wconf 92' lang='grc' dir='ltr'><em>δεῦρο</em></span> <span class='ocrx_word' id='word_1_184' title='bbox 937 2171 1070 2239; x_wconf 83' lang='grc' dir='ltr'><em>ὑμῖν</em></span> <span class='ocrx_word' id='word_1_185' title='bbox 1111 2174 1296 2239; x_wconf 86' lang='grc' dir='ltr'><em>στήσει</em></span> <span class='ocrx_word' id='word_1_186' title='bbox 1334 2173 1435 2239; x_wconf 82' lang='grc' dir='ltr'><em>τὴν</em></span> <span class='ocrx_word' id='word_1_187' title='bbox 1476 2172 1647 2224; x_wconf 89' lang='grc' dir='ltr'><em>αὑτοῦ</em></span> <span class='ocrx_word' id='word_1_188' title='bbox 1685 2173 1818 2239; x_wconf 89' lang='grc' dir='ltr'><em>πρό-</em></span> 
     </span>
     <span class='ocr_line' id='line_1_25' title="bbox 126 2258 1818 2329; baseline -0.001 -17"><span class='ocrx_word' id='word_1_189' title='bbox 126 2280 319 2328; x_wconf 92' lang='grc' dir='ltr'><em>νοιαν,</em></span> <span class='ocrx_word' id='word_1_190' title='bbox 370 2258 489 2312; x_wconf 80' lang='grc' dir='ltr'><em>ἀλλ’</em></span> <span class='ocrx_word' id='word_1_191' title='bbox 537 2258 621 2329; x_wconf 80' lang='grc' dir='ltr'><em>ἐφ’</em></span> <span class='ocrx_word' id='word_1_192' title='bbox 670 2260 803 2313; x_wconf 83' lang='grc' dir='ltr'><em>ὅσον</em></span> <span class='ocrx_word' id='word_1_193' title='bbox 854 2258 1011 2312; x_wconf 85' lang='grc' dir='ltr'><em>αὐτοὶ</em></span> <span class='ocrx_word' id='word_1_194' title='bbox 1057 2260 1329 2328; x_wconf 86' lang='grc' dir='ltr'><em>βούλεσθε</em></span> <span class='ocrx_word' id='word_1_195' title='bbox 1377 2263 1581 2329; x_wconf 88' lang='grc' dir='ltr'><em>χρόνον</em></span> <span class='ocrx_word' id='word_1_196' title='bbox 1622 2268 1818 2312; x_wconf 89' lang='grc' dir='ltr'><em>τοῦτον</em></span> 
     </span>
     <span class='ocr_line' id='line_1_26' title="bbox 66 2347 1819 2417; baseline 0 -17"><span class='ocrx_word' id='word_1_197' title='bbox 66 2361 108 2393; x_wconf 84' lang='lat'><em>25</em></span> <span class='ocrx_word' id='word_1_198' title='bbox 133 2350 277 2417; x_wconf 82' lang='grc' dir='ltr'><em>ἔχειν</em></span> <span class='ocrx_word' id='word_1_199' title='bbox 317 2349 628 2417; x_wconf 77' lang='grc' dir='ltr'><em>προστάτην</em></span> <span class='ocrx_word' id='word_1_200' title='bbox 668 2347 728 2400; x_wconf 86' lang='grc' dir='ltr'><em>ἐν</em></span> <span class='ocrx_word' id='word_1_201' title='bbox 775 2356 890 2410; x_wconf 88' lang='grc' dir='ltr'><em>τοῖς</em></span> <span class='ocrx_word' id='word_1_202' title='bbox 936 2355 1029 2415; x_wconf 82' lang='grc' dir='ltr'><em>τῆς</em></span> <span class='ocrx_word' id='word_1_203' title='bbox 1068 2347 1261 2417; x_wconf 83' lang='grc' dir='ltr'><em>ἀρετῆς</em></span> <span class='ocrx_word' id='word_1_204' title='bbox 1301 2347 1688 2416; x_wconf 85' lang='grc' dir='ltr'><em>ἐπιτηδεύμασι</em></span> <span class='ocrx_word' id='word_1_205' title='bbox 1729 2347 1819 2415; x_wconf 87' lang='grc' dir='ltr'><em>μέ-</em></span> 
     </span>
     <span class='ocr_line' id='line_1_27' title="bbox 129 2435 1817 2506; baseline -0.001 -18"><span class='ocrx_word' id='word_1_206' title='bbox 129 2455 345 2504; x_wconf 89' lang='grc' dir='ltr'><em>νοντες,</em></span> <span class='ocrx_word' id='word_1_207' title='bbox 394 2435 482 2488; x_wconf 89' lang='grc' dir='ltr'><em>ε’πὶ</em></span> <span class='ocrx_word' id='word_1_208' title='bbox 532 2443 797 2489; x_wconf 90' lang='grc' dir='ltr'><em>τοσοῦτον</em></span> <span class='ocrx_word' id='word_1_209' title='bbox 847 2436 1016 2488; x_wconf 87' lang='grc' dir='ltr'><em>αὐτοῦ</em></span> <span class='ocrx_word' id='word_1_210' title='bbox 1063 2439 1336 2505; x_wconf 88' lang='grc' dir='ltr'><em>χρήσεσθε</em></span> <span class='ocrx_word' id='word_1_211' title='bbox 1387 2444 1450 2505; x_wconf 75' lang='grc' dir='ltr'><em>τῇ</em></span> <span class='ocrx_word' id='word_1_212' title='bbox 1490 2439 1817 2506; x_wconf 79' lang='grc' dir='ltr'><em>προμηθείᾳ.</em></span> 
     </span>
     <span class='ocr_line' id='line_1_28' title="bbox 129 2512 1820 2593; baseline 0 -17"><span class='ocrx_word' id='word_1_213' title='bbox 129 2524 312 2590; x_wconf 85' lang='grc'>&lt;186&gt;</span> <span class='ocrx_word' id='word_1_214' title='bbox 351 2512 570 2592; x_wconf 75' lang='grc' dir='ltr'><em>γνώμας</em></span> <span class='ocrx_word' id='word_1_215' title='bbox 607 2521 665 2575; x_wconf 82' lang='grc' dir='ltr'><em>θ’</em></span> <span class='ocrx_word' id='word_1_216' title='bbox 712 2524 845 2592; x_wconf 89' lang='grc' dir='ltr'><em>ὑμῖν</em></span> <span class='ocrx_word' id='word_1_217' title='bbox 885 2526 1270 2592; x_wconf 82' lang='grc' dir='ltr'><em>εἰσηγήσονται</em></span> <span class='ocrx_word' id='word_1_218' title='bbox 1310 2525 1404 2586; x_wconf 80' lang='grc' dir='ltr'><em>τὰς</em></span> <span class='ocrx_word' id='word_1_219' title='bbox 1443 2524 1694 2593; x_wconf 87' lang='grc' dir='ltr'><em>ἀρίστας,</em></span> <span class='ocrx_word' id='word_1_220' title='bbox 1735 2518 1820 2586; x_wconf 82' lang='grc' dir='ltr'><em>αἷς</em></span> 
     </span>
     <span class='ocr_line' id='line_1_29' title="bbox 132 2609 1818 2681; baseline 0.001 -18"><span class='ocrx_word' id='word_1_221' title='bbox 132 2609 392 2680; x_wconf 82' lang='grc' dir='ltr'><em>ἑπόμενοι</em></span> <span class='ocrx_word' id='word_1_222' title='bbox 432 2612 532 2679; x_wconf 86' lang='grc' dir='ltr'><em>τὴν</em></span> <span class='ocrx_word' id='word_1_223' title='bbox 572 2612 931 2679; x_wconf 87' lang='grc' dir='ltr'><em>εὐδαιμονίαν</em></span> <span class='ocrx_word' id='word_1_224' title='bbox 971 2611 1138 2680; x_wconf 76' lang='grc' dir='ltr'><em>ἕξετε,</em></span> <span class='ocrx_word' id='word_1_225' title='bbox 1191 2612 1220 2664; x_wconf 87' lang='grc' dir='ltr'>ὁ</span> <span class='ocrx_word' id='word_1_226' title='bbox 1261 2611 1542 2681; x_wconf 89' lang='grc' dir='ltr'><em>ἀρχιερεὺς</em></span> <span class='ocrx_word' id='word_1_227' title='bbox 1576 2609 1818 2676; x_wconf 77' lang='grc' dir='ltr'><em>Ἐλεάζα-</em></span> 
     </span>
     <span class='ocr_line' id='line_1_30' title="bbox 132 2697 1816 2769; baseline 0.001 -18"><span class='ocrx_word' id='word_1_228' title='bbox 132 2719 227 2767; x_wconf 88' lang='grc' dir='ltr'><em>ρος</em></span> <span class='ocrx_word' id='word_1_229' title='bbox 257 2698 349 2752; x_wconf 86' lang='grc' dir='ltr'><em>καὶ</em></span> <span class='ocrx_word' id='word_1_230' title='bbox 375 2697 589 2768; x_wconf 80' lang='grc' dir='ltr'><em>Ἰησοῦς</em></span> <span class='ocrx_word' id='word_1_231' title='bbox 619 2701 653 2767; x_wconf 77' lang='grc' dir='ltr'><em>ἥ</em></span> <span class='ocrx_word' id='word_1_232' title='bbox 686 2720 741 2752; x_wconf 89' lang='grc' dir='ltr'><em>τε</em></span> <span class='ocrx_word' id='word_1_233' title='bbox 775 2703 1037 2769; x_wconf 89' lang='grc' dir='ltr'><em>γερουσία</em></span> <span class='ocrx_word' id='word_1_234' title='bbox 1068 2698 1159 2752; x_wconf 84' lang='grc' dir='ltr'><em>καὶ</em></span> <span class='ocrx_word' id='word_1_235' title='bbox 1190 2701 1254 2752; x_wconf 79' lang='grc' dir='ltr'><em>τὰ</em></span> <span class='ocrx_word' id='word_1_236' title='bbox 1288 2699 1412 2768; x_wconf 89' lang='grc' dir='ltr'><em>τέλη</em></span> <span class='ocrx_word' id='word_1_237' title='bbox 1452 2710 1562 2752; x_wconf 87' lang='grc' dir='ltr'><em>τῶν</em></span> <span class='ocrx_word' id='word_1_238' title='bbox 1601 2705 1816 2769; x_wconf 85' lang='grc' dir='ltr'><em>φυλῶν·</em></span> 
     </span>
     <span class='ocr_line' id='line_1_31' title="bbox 68 2782 1823 2857; baseline 0.002 -18"><span class='ocrx_word' id='word_1_239' title='bbox 68 2801 109 2832; x_wconf 75' lang='grc'><em>30</em></span> <span class='ocrx_word' id='word_1_240' title='bbox 135 2782 211 2839; x_wconf 81' lang='grc' dir='ltr'><em>ὧν</em></span> <span class='ocrx_word' id='word_1_241' title='bbox 252 2787 528 2857; x_wconf 85' lang='grc' dir='ltr'><em>ἀκροᾶσθε</em></span> <span class='ocrx_word' id='word_1_242' title='bbox 571 2789 642 2855; x_wconf 85' lang='grc' dir='ltr'><em>μὴ</em></span> <span class='ocrx_word' id='word_1_243' title='bbox 683 2792 953 2857; x_wconf 84' lang='grc' dir='ltr'><em>χαλεπῶς,</em></span> <span class='ocrx_word' id='word_1_244' title='bbox 999 2788 1360 2855; x_wconf 83' lang='grc' dir='ltr'><em>γινώσκοντες</em></span> <span class='ocrx_word' id='word_1_245' title='bbox 1408 2788 1490 2840; x_wconf 83' lang='grc' dir='ltr'><em>ὅτι</em></span> <span class='ocrx_word' id='word_1_246' title='bbox 1529 2789 1726 2851; x_wconf 79' lang='grc' dir='ltr'><em>πάντες</em></span> <span class='ocrx_word' id='word_1_247' title='bbox 1766 2790 1823 2842; x_wconf 73' lang='grc' dir='ltr'><em>οἵ</em></span> 
     </span>
     <span class='ocr_line' id='line_1_32' title="bbox 250 2887 884 2940; baseline 0.003 -10"><span class='ocrx_word' id='word_1_248' title='bbox 250 2892 274 2940; x_wconf 66' lang='grc' dir='ltr'>ἓ</span> <span class='ocrx_word' id='word_1_249' title='bbox 307 2893 391 2931; x_wconf 70' lang='lat'><em>182</em></span> <span class='ocrx_word' id='word_1_250' title='bbox 420 2910 474 2923; x_wconf 93' lang='lat'><strong><em>=</em></strong></span> <span class='ocrx_word' id='word_1_251' title='bbox 500 2887 686 2932; x_wconf 78' lang='lat' dir='ltr'>Denter.</span> <span class='ocrx_word' id='word_1_252' title='bbox 718 2888 782 2931; x_wconf 87' lang='lat' dir='ltr'><em>IV</em></span> <span class='ocrx_word' id='word_1_253' title='bbox 817 2894 884 2932; x_wconf 80' lang='lat'><em>23.</em></span> 
     </span>
    </p>
   </div>
  </div>
 </body>
</html>
