2052 3141
359 47 365 74 ‘
848 80 1124 121 AETTEPA
1760 81 1828 133 97

144 209 602 281 μιμνησκομένων
634 221 743 264 τῶν
775 213 853 274 εἰς
879 209 1144 280 Ἰώσηπον
1182 213 1366 276 αὐτοῖς
1397 213 1832 282 τετολμημένων,

144 300 400 353 κάκεῖνον
448 299 878 353 ἀποκαλούντων
930 303 1339 374 μακαριώτερον
1379 301 1589 369 αὑτῶν,
1644 304 1694 354 εἰ
1730 301 1830 371 μὲν

145 388 432 456 τέθνηκεν,
472 389 555 440 ὅτι
586 397 695 441 τῶν
727 389 861 440 κατὰ
900 391 997 441 τὸν
1038 392 1162 457 βίον
1203 389 1540 458 ἀπήλλακται
1581 396 1833 460 σκυθρω-

146 487 286 544 πῶν,
325 479 376 529 εἰ
407 473 466 529 δὲ
497 480 791 546 περίεστιν,
832 477 913 529 ὅτι
953 485 1046 545 τῆς
1076 479 1221 547 παρὰ
1261 486 1359 531 τοῦ
1397 484 1537 531 θεοῦ
1575 476 1691 531 κατ’
1738 480 1834 532 αὐ-

101 580 121 612 5
148 575 257 618 τῶν
291 565 530 627 ἐκδικίας
559 566 836 634 τυγχάνει,
877 568 1154 633 λεγόντων
1195 563 1243 618 δ’
1284 566 1483 629 αὑτοὺς
1521 566 1835 637 ἀλιτηρίους

142 662 241 707 τοῦ
287 657 516 722 πατρός,
571 654 654 706 ὅτι
701 661 763 722 τῇ
813 655 992 723 λύπῃ,
1046 655 1114 722 ἣν
1167 652 1249 707 ἐπ’
1297 654 1487 727 ἐκείνῳ
1530 654 1686 725 μέχρι
1725 665 1831 709 νῦν

143 744 285 811 ἔχει,
339 740 429 793 καὶ
477 743 576 809 τὴν
624 741 710 794 ἐπὶ
757 741 1024 811 Βενιαμὶν
1071 745 1489 811 προσθήσουσι,
1543 746 1714 806 πολὺς
1762 741 1832 812 ἦν

141 829 428 882 κάνταῦθα
459 827 751 897 Ῥούβηλος
783 830 964 882 αὐτῶν
996 834 1425 899 καθαπτόμενος.
1505 832 1686 899 <138>
1722 829 1833 884 Ἰω-

143 920 321 985 σήπου
377 914 438 969 δὲ
491 919 620 979 τοὺς
673 915 773 985 μὲν
828 917 1167 981 ἀπολύοντος
1223 917 1415 989 (οὐδὲν
1471 921 1576 989 γὰρ
1634 920 1834 982 αὐτοὺς

77 1020 118 1051 10
143 1003 414 1076 ἀδικεῖν),
467 1004 759 1074 ἀρκεῖσθαι
815 1003 875 1058 δὲ
923 1010 1063 1077 μόνῃ
1112 1014 1175 1076 τῇ
1223 1016 1321 1060 τοῦ
1367 1009 1564 1069 παιδὸς
1602 1012 1833 1079 τιμωρία

142 1092 399 1161 λέγοντος
449 1094 597 1162 (οὔτε
645 1095 749 1163 γὰρ
805 1104 1002 1148 τοῦτον
1050 1094 1313 1148 ἀπολύειν
1362 1097 1453 1148 διὰ
1492 1098 1621 1157 τοὺς
1665 1094 1832 1149 οὐδὲν

143 1182 540 1251 ἐξαμαρτόντας
595 1192 819 1251 σῶφρον
871 1185 1056 1251 ἔλεγεν
1108 1184 1233 1237 οὔτε
1288 1185 1642 1251 συγκολάζειν
1699 1183 1832 1236 ἐκεί-

141 1290 274 1333 νους
313 1278 386 1342 τςό
427 1272 528 1339 τὴν
567 1273 778 1339 κλοπὴν
818 1270 1221 1345 ἐργασαμένῳ),
1272 1274 1557 1340 βαδίζουσι
1599 1270 1659 1324 δὲ
1699 1292 1832 1342 παρ-

144 1357 283 1421 έξειν
309 1358 612 1427 ἀσφάλειαν
638 1358 1129 1428 ἐπαγγελλομένου,
1156 1361 1336 1428 <139>
1354 1363 1483 1422 τοὺς
1507 1358 1606 1429 μὲν
1633 1363 1834 1424 ἄλλους

75 1460 116 1492 15
142 1446 393 1515 ἔκπληξις
432 1449 590 1515 ἔλαβε
630 1446 719 1499 καὶ
757 1449 892 1515 πρὸς
930 1451 989 1501 τὸ
1029 1449 1209 1510 πάθος
1249 1448 1484 1517 ἀφωνία,
1521 1447 1733 1511 Ἰούδας
1776 1447 1825 1501 δ’

142 1535 170 1588 ὁ
211 1534 300 1587 καὶ
351 1538 448 1589 τὸν
487 1534 692 1605 πατέρα
738 1540 926 1598 πείσας
966 1535 1232 1605 ἐκπέμψαι
1273 1540 1331 1590 τὸ
1374 1539 1690 1606 μειράκιον,
1743 1537 1832 1590 καὶ

141 1618 310 1675 τᾶλλα
350 1624 676 1693 δραστηριος
717 1625 793 1676 ὢν
832 1624 992 1693 ἀνηρ,
1030 1622 1167 1694 ὑπερ
1207 1634 1300 1693 τῆς
1339 1625 1617 1695 τάδελφοῦ
1658 1641 1832 1695 σωτη-

142 1715 261 1779 ρίας
285 1714 464 1780 ἔκρινε
489 1711 924 1781 παραβαλέσθαι,
957 1714 1135 1781 <14Ο>
1161 1713 1252 1766 καὶ
1286 1714 1468 1767 (δεινὰ
1501 1714 1626 1783 μέν’
1662 1712 1832 1783 εἶπεν,

143 1794 212 1850 ὦ
253 1798 541 1869 στρατηγέ,
586 1804 991 1869 τετολμηκαμεν
1031 1804 1107 1864 είς
1147 1801 1236 1871 σέ,
1276 1802 1366 1855 καὶ
1405 1823 1667 1872 τιμωριας
1708 1803 1831 1867 ἄξια

77 1902 119 1933 ‘20
141 1886 233 1939 καὶ
277 1896 376 1941 τοῦ
422 1892 651 1942 κόλασιν
695 1889 958 1959 ὑποσχειν
1007 1892 1246 1953 ἅπαντας
1292 1891 1432 1959 ἡμᾶς
1474 1893 1728 1959 δικαίως,
1783 1893 1835 1944 εἰ

141 1974 232 2029 καὶ
270 1975 540 2046 τάδίκημα
588 1979 660 2046 μὴ
707 1979 928 2031 πάντων
968 1979 1121 2047 ἡμῶν
1162 1977 1280 2031 ἀλλ’
1328 1978 1450 2041 ἑνὸς
1488 1988 1587 2033 τοῦ
1629 1981 1832 2032 νεωτά-

141 2083 239 2117 του
271 2064 519 2133 γέγονεν“
562 2066 707 2134 ὅμως
739 2064 788 2118 δ’
828 2066 1207 2135 ἀπεγνωκόσιν
1246 2068 1377 2135 ἡμῖν
1409 2069 1510 2136 τὴν
1544 2066 1619 2120 δι’
1661 2069 1832 2123 αὐτοῦ

143 2156 416 2222 σωτηρίαν
465 2153 615 2216 ἐλπὶς
660 2154 1044 2208 ὑπολέλειπται
1083 2157 1229 2224 παρὰ
1268 2164 1361 2223 τῆς
1401 2164 1496 2224 σῆς
1535 2160 1832 2225 χρηστότη-

142 2260 263 2308 τος,
319 2241 634 2311 ἐγγυωμένη
681 2244 781 2311 τὴν
828 2253 927 2297 τοῦ
974 2245 1241 2297 κινδύνου
1284 2245 1577 2312 διαφυγήν.
1653 2246 1833 2313 (141)

78 2342 119 2374 25
144 2327 234 2380 καὶ
266 2337 372 2381 νῦν
405 2331 476 2397 μὴ
509 2332 644 2398 πρὸς
668 2333 728 2384 τὸ
756 2330 1020 2401 ἡμέτερον
1052 2332 1298 2401 ἀφορῶν,
1338 2330 1475 2400 μηδὲ
1505 2334 1566 2385 τὸ
1600 2334 1831 2399 κακούρ-

144 2437 290 2485 γημα
331 2427 576 2485 σκοπῶν,
625 2418 762 2471 ἀλλὰ
800 2422 936 2489 πρὸς
973 2441 1073 2488 την
1114 2430 1319 2473 σαυτοῦ
1359 2423 1555 2489 φύσιν,
1604 2420 1693 2472 καὶ
1732 2423 1831 2489 τὴν

145 2503 342 2572 ἀρετὴν
385 2507 703 2574 σύμβουλον
742 2509 1108 2576 ποιησάμενος
1147 2508 1266 2561 ἀντὶ
1305 2517 1398 2576 τῆς
1438 2509 1628 2577 ὀργῆς,
1668 2529 1738 2576 ην
1778 2529 1829 2562 οι

144 2588 312 2645 τάλλα
363 2592 548 2663 μικροὶ
594 2597 729 2663 πρὸς
783 2598 969 2665 ι’σχύος
1008 2598 1420 2665 λαμβάνουσιν,
1476 2597 1576 2649 οὐκ
1617 2596 1676 2649 ἐν
1717 2606 1830 2659 τοις

144 2682 399 2749 μεγάλοις
431 2685 603 2750 μόνον
636 2683 774 2735 ἀλλὰ
805 2683 896 2736 καὶ
937 2683 1023 2736 ἐπὶ
1062 2695 1175 2747 τοϊς
1214 2693 1475 2754 τυχοῦσιν
1516 2685 1649 2753 αὐτῇ
1690 2687 1828 2754 χρώ-

75 2783 119 2813 30
144 2789 319 2837 μενοι,
358 2778 524 2837 γενοῦ
563 2772 698 2839 πρὸς
739 2772 912 2840 αὐτὴν
952 2776 1315 2842 μεγαλόφρων
1354 2771 1444 2824 καὶ
1484 2774 1555 2841 μὴ
1597 2779 1830 2843 νικηθῇς

263 2876 286 2923 ξ
321 2875 402 2914 137
432 2892 486 2907 =
512 2871 622 2915 Gen.
655 2872 799 2914 XLIV
835 2878 900 2916 16.

230 2952 442 2984 IosEPHcs.
465 2953 494 2983 Ι.
1535 2953 1557 2990 7
