2052 3141
870 52 1147 92 TETAPTH
1743 48 1850 99 205

165 189 293 249 τοὺς
322 184 558 255 φυλέτας
591 187 762 252 ἔλεγε·
805 186 948 253 <21>
973 187 1265 253 προϊόντος
1298 181 1346 235 δ’
1386 185 1463 245 εἰς
1502 185 1630 245 τοὺς
1667 184 1849 236 πλείο-

161 295 262 336 νας
284 270 399 326 κατ’
430 273 621 341 ὀλίγον
660 281 758 326 τοῦ
792 276 981 341 λόγου,
1019 271 1109 324 καὶ
1133 282 1243 324 τῶν
1276 270 1644 341 ἀκροωμένων
1683 286 1850 340 προσ-

162 360 470 432 τιθεμένων
504 371 622 424 ταῖς
653 359 768 414 κατ’
805 360 1080 430 Ἀαρῶνος
1106 362 1407 428 διαβολαῖς,
1446 359 1851 427 ἀναπίμπλαται

162 452 372 504 τούτων
405 452 542 513 ἅπας
574 451 602 504 ὁ
637 453 877 519 στρατός.
940 446 1081 517 ἦσαν
1122 446 1171 500 δ’
1220 449 1277 501 οἱ
1313 446 1737 516 συντεταγμένοι
1775 456 1849 518 τῷ

116 542 317 608 5Κορῇ
364 542 699 608 πεντήκοντα
749 537 839 591 καὶ
887 539 1159 590 διακόσιοι
1205 546 1314 589 τῶν
1363 538 1597 605 πρώτων
1637 537 1851 603 ἄνδρες,

164 628 493 689 σπεύδοντες
546 625 851 695 ἀφελέσθαι
905 627 1005 694 τὴν
1062 626 1367 694 ἱερωσύνην
1429 626 1525 677 τὸν
1579 623 1853 686 ᾧΜωυσέος

163 715 428 784 ἀδελφόν,
467 714 557 767 καὶ
590 723 788 768 τοῦτον
820 715 989 768 αὐτὸν
1022 714 1268 782 ἀτιμοῦν.
1348 714 1491 780 <2:2>
1519 711 1851 781 ἀνηρέθιστο

165 801 225 855 δὲ
257 801 348 855 καὶ
371 806 432 856 τὸ
465 808 696 871 πλῆθος,
728 801 818 855 καὶ
851 803 1075 871 βάλλειν
1108 804 1204 855 τὸν
1234 804 1483 869 Μωυσῆν
1511 802 1852 870 ὡρμήκεσαν,

161 896 239 953 εἴς
276 889 322 943 τ’
371 891 662 959 ἐκκλησίαν
710 890 963 959 ἀκόσμως
1010 892 1141 959 μετὰ
1187 891 1443 958 θορύβου
1490 888 1581 941 καὶ
1620 897 1854 959 ταραχῆς

97 997 138 1028 10
163 978 542 1047 συνελέγοντο.
620 977 711 1031 καὶ
760 981 865 1048 πρὸ
915 987 1008 1046 τῆς
1056 986 1259 1046 σκηνῆς
1306 987 1404 1031 τοῦ
1451 984 1590 1030 θεοῦ
1633 978 1854 1040 στάντες

164 1068 341 1137 ἐβόων
382 1069 603 1121 διώκειν
650 1070 747 1121 τὸν
796 1069 1073 1135 τύραννον
1113 1066 1204 1120 καὶ
1243 1075 1337 1135 τῆς
1377 1064 1466 1118 ἀπ’
1514 1067 1684 1119 αὐτοῦ
1726 1068 1853 1119 δου-

164 1160 311 1219 λείας
358 1156 710 1226 ἀπηλλάχθαι
757 1158 817 1209 τὸ
866 1161 1106 1224 πλῆθος,
1152 1163 1215 1224 τῇ
1257 1163 1354 1208 τοῦ
1401 1160 1542 1207 θεοῦ
1581 1155 1854 1224 προφάσει

165 1249 316 1314 βιάια
366 1245 754 1314 προστάγματα
805 1246 1146 1306 κελεύοντος·
1211 1244 1350 1310 <23>
1398 1246 1495 1296 τὸν
1545 1244 1648 1312 γὰρ
1697 1246 1854 1311 θεόν,

164 1339 314 1402 εἴπερ
364 1333 526 1395 αὐτὸς
572 1329 642 1400 ἧν
683 1334 710 1386 ὁ
760 1335 856 1386 τὸν
905 1334 1263 1402 ίερασόμενον
1315 1331 1702 1400 ἐκλεγόμενος,
1758 1334 1853 1385 τὸν

103 1437 144 1469 15
168 1421 323 1485 ἄξιον
363 1421 432 1474 ἂν
472 1423 549 1483 είς
587 1423 688 1489 τὴν
722 1423 883 1490 τιμὴν
922 1430 1279 1490 παραγαγεῖν,
1327 1419 1449 1489 οὐχὶ
1482 1430 1594 1482 τοῖς
1633 1425 1854 1473 πολλῶν

163 1508 579 1579 ὑποδεεστέροις
609 1511 812 1578 ταύτην
846 1507 1085 1578 φέροντα
1116 1517 1461 1578 προσνεῖμαι,
1500 1509 1760 1578 κρίνοντά
1798 1528 1854 1560 τε

163 1608 466 1668 παρασχεῖν
501 1596 734 1667 Ἀαρῶνι.
767 1599 990 1666 ταύτην,
1031 1596 1117 1650 ἐπὶ
1157 1604 1231 1668 τῷ
1273 1600 1476 1665 πλήθει
1516 1599 1856 1664 ποιήσασθαι

165 1688 265 1755 τὴν
306 1689 484 1755 δόσιν,
524 1685 645 1739 ἀλλ’
694 1687 793 1740 οὐκ
834 1685 921 1738 ἐπὶ
960 1685 1211 1757 τάδελφῷ
1254 1690 1584 1738 καταλιπεῖν.

276 1776 418 1842 <24>
457 1778 707 1843 Μωυσῆς
746 1771 807 1826 δὲ
846 1775 946 1842 τὴν
980 1772 1197 1842 Κορέου
1239 1775 1506 1842 διαβολὴν
1548 1773 1605 1825 ἐκ
1644 1778 1854 1826 πολλοῦ

97 1880 140 1911 20
163 1865 433 1933 προειδὼς
470 1862 562 1915 καὶ
600 1865 697 1916 τὸν
744 1865 879 1916 λαὸν
927 1861 1361 1931 παρωξυμμένον
1403 1862 1538 1914 ἰδὼν
1579 1861 1679 1914 οὐκ
1719 1863 1855 1914 ἔδει-

165 1965 294 2020 σεν,
349 1951 487 2004 ἀλλὰ
547 1958 777 2021 θαρρῶν
833 1945 914 2013 οἷς
959 1950 1083 2019 περὶ
1137 1960 1247 2003 τῶν
1297 1950 1631 2019 πραγμάτων
1679 1954 1856 2012 καλῶς

165 2039 506 2108 ἐβουλεύετο,
547 2039 636 2092 καὶ
669 2043 765 2094 τὸν
798 2039 1042 2109 ἀδελφὸν
1074 2040 1234 2101 εἰδὼς
1266 2040 1399 2090 κατὰ
1438 2039 1537 2106 τὴν
1578 2047 1676 2091 τοῦ
1714 2044 1855 2092 θεοῦ

163 2131 486 2198 προαίρεσιν
541 2136 636 2197 τῆς
692 2129 993 2199 ἱερωσύνης
1046 2136 1230 2195 τυχεῖν
1287 2121 1403 2178 ἀλλ’
1458 2126 1524 2178 οὐ
1573 2128 1708 2179 κατὰ
1755 2130 1855 2195 τὴν

166 2217 337 2269 αὑτοῦ
376 2217 556 2286 χάριν,
595 2213 725 2284 ἧκεν
766 2219 843 2279 εἰς
881 2217 980 2283 τὴν
1022 2214 1327 2282 ἐκκλησίαν.
1407 2215 1550 2282 <25>
1591 2214 1681 2267 καὶ
1720 2217 1857 2284 πρὸς

100 2320 142 2352 25
166 2301 266 2373 μὲν
306 2307 366 2358 τὸ
407 2309 622 2373 πλῆθος
668 2303 871 2358 οὐδένα
911 2304 1202 2371 ἐποιήσατο
1244 2306 1433 2370 λόγον·
1482 2305 1617 2371 πρὸς
1659 2301 1719 2355 δὲ
1758 2306 1855 2358 τὸν

166 2396 359 2461 Κορῆν
412 2396 561 2461 βοῶν
608 2391 691 2462 ἐφ’
741 2393 874 2446 ὅσον
926 2393 1198 2460 ἠδύνατο,
1250 2391 1427 2454 δεξιὸς
1474 2392 1551 2443 ὢν
1591 2390 1681 2443 καὶ
1720 2394 1855 2445 κατὰ

165 2476 335 2534 τᾶλλα
375 2479 465 2533 καὶ
503 2484 777 2549 πλήθεσιν
819 2481 1031 2549 ὁμιλεῖν
1072 2479 1299 2549 εὐφυής,
1339 2479 1519 2547 (ἐμοί’
1561 2483 1751 2548 φησίν,
1793 2477 1853 2533 ςὦ

166 2572 341 2639 Κορῆ,
381 2567 470 2622 καὶ
511 2572 579 2622 σὺ
619 2568 710 2622 καὶ
748 2571 960 2623 τούτων
1000 2567 1240 2630 ἕκαστος’
1285 2566 1586 2637 (ἀπεδήλου
1628 2565 1688 2620 δὲ
1726 2571 1856 2632 τοὺς

165 2660 503 2725 πεντήκοντα
527 2657 617 2710 καὶ
643 2660 958 2720 διακοσίους
990 2656 1217 2728 ἄνδρας)
1254 2657 1427 2725 ςτιμῆς
1452 2656 1594 2719 ἄξιοι
1628 2658 1855 2726 δοκεῖτε,

99 2760 142 2792 30
167 2744 256 2798 καὶ
309 2748 407 2799 τὸν
462 2746 656 2815 ὅμιλον
712 2743 771 2799 δὲ
818 2747 993 2799 πάντα
1039 2754 1133 2814 τῆς
1181 2745 1370 2813 ὁμοίας
1421 2744 1521 2798 οὐκ
1572 2744 1852 2817 ἀποστερῶ

285 2851 309 2900 ξ
342 2851 397 2890 21
426 2869 481 2884 =
505 2847 640 2891 Num.
677 2848 784 2890 XVI
816 2853 855 2891 3.
