2052 3141
852 103 1131 143 TETAPTH
1727 98 1832 150 227

253 236 433 303 (131)
471 233 563 288 καὶ
603 234 632 287 ὃ
674 232 775 303 μὲν
825 232 982 287 τοῦθ’
1029 233 1379 303 ὑποθέμενος
1419 234 1605 295 αὐτοῖς
1646 232 1835 305 ᾤχετο,
1869 249 1894 288 7

141 334 252 377 τῶν
300 321 362 376 δὲ
406 324 771 376 Μαδιανιτῶν
817 322 1151 391 πεμψάντων
1198 324 1292 384 τὰς
1339 320 1649 392 θυγατέρας
1702 323 1836 374 κατὰ

137 414 238 481 τὴν
298 411 512 466 ἐκείνου
566 414 892 481 παραίνεσιν
940 411 998 463 oc
1045 420 1155 463 τῶν
1196 408 1467 480 Ἑβραίων
1519 409 1835 464 ἁλίσκονται

140 498 258 554 νέοι
296 509 391 569 τῆς
422 501 746 570 εὐπρεπείας
778 499 980 566 αὐτῶν,
1019 497 1110 551 καὶ
1147 501 1587 567 παραγενόμενοι
1627 500 1704 561 είς
1743 502 1835 552 λό-

93 602 112 635 5
140 608 273 656 γους
320 588 510 651 αὐταῖς
562 588 910 659 παρεκάλουν
956 588 1028 655 μὴ
1078 592 1319 655 φθονεῖν
1367 586 1553 648 αὐτοῖς
1603 594 1697 655 τῆς
1736 594 1834 639 τοῦ

137 676 374 739 κάλλους
421 677 602 730 αὐτῶν
649 676 1005 738 ἀπολαύσεως
1052 673 1189 743 μηδὲ
1238 682 1331 743 τῆς
1379 683 1478 727 τοῦ
1517 675 1834 742 πλησιάζειν

138 768 452 832 συνηθείας.
533 768 593 818 αἳ
622 762 671 817 δ’
705 763 952 833 ἀσμένως
986 763 1276 832 δεξάμεναι
1307 766 1434 825 τοὺς
1466 765 1666 830 λόγους
1706 777 1834 815 συν-

135 859 277 920 ῆσαν
324 854 537 922 αὐτοῖς,
599 854 780 921 <132>
835 852 1203 921 ἐνδησάμεναι
1252 849 1300 904 δ’
1348 851 1548 913 αὐτοὺς
1586 859 1659 923 τῷ
1700 854 1836 920 πρὸς

138 940 304 1002 αὐτὰς
334 943 513 1011 ἔρωτι,
546 939 637 993 καὶ
667 947 762 1008 τῆς
788 939 1082 1007 ἐπιθυμίας
1114 939 1473 1008 ἀκμαζούσης,
1504 937 1628 1008 περὶ
1662 939 1830 991 ἀπαλ-

67 1043 108 1075 10
133 1030 307 1097 λαγὴν
348 1028 612 1097 ἐγίνοντο.
689 1031 817 1091 τοὺς
860 1025 908 1080 δ’
943 1027 1157 1096 ἀθυμία
1198 1028 1352 1095 δεινὴ
1392 1030 1527 1096 πρὸς
1565 1028 1665 1095 τὴν
1706 1027 1837 1079 ἀνα-

133 1118 376 1186 χώρησιν
445 1127 556 1171 τῶν
621 1125 899 1185 γυναικῶν
962 1115 1252 1185 κατέλαβε,
1314 1114 1405 1168 καὶ
1466 1120 1825 1184 λιπαροῦντες

136 1203 406 1258 ἐνέκειντο
457 1207 530 1273 μὴ
588 1213 729 1275 σφᾶς
776 1209 1126 1271 καταλιπεῖν,
1183 1203 1321 1256 ἀλλὰ
1369 1205 1602 1272 γαμετὰς
1652 1204 1834 1257 αὐτῶν

139 1292 402 1362 ἐσομένας
441 1294 641 1347 αὐτόθι
682 1292 868 1361 μένειν
907 1292 997 1345 καὶ
1031 1295 1325 1355 δεσποίνας
1364 1291 1833 1362 ἀποδειχθησομέ-

139 1403 239 1444 νας
262 1382 484 1435 πάντων
511 1377 588 1434 ὧν
611 1381 855 1451 ὑπῆρχεν
880 1381 1079 1443 αὐτοῖς.
1141 1381 1325 1449 <133>
1349 1388 1518 1434 ταῦτα
1544 1382 1577 1432 δ
1586 1378 1597 1397 ⁷
1630 1381 1834 1448 ὀμνύν-

73 1484 114 1516 15
138 1490 224 1533 τες
287 1473 479 1538 ἔλεγον
532 1468 624 1522 καὶ
686 1472 783 1522 τὸν
843 1472 981 1522 θεὸν
1040 1472 1265 1538 μεσίτην
1328 1465 1406 1522 ὧν
1460 1469 1833 1538 ὑπισχνοῦντο

137 1560 481 1627 ποιούμενοι,
523 1556 855 1627 δακρύοντές
887 1577 942 1609 τε
974 1556 1064 1609 καὶ
1096 1560 1447 1627 πανταχόθεν
1480 1557 1682 1618 αὑτοὺς
1722 1556 1834 1610 ἐλε-

139 1649 322 1710 εινοὺς
368 1657 484 1710 ταῖς
530 1645 749 1714 γυναιξὶ
795 1647 1284 1709 κατασκευάζοντες
1335 1642 1491 1699 εἶναι.
1570 1648 1630 1697 αἲ
1666 1643 1715 1698 δ’
1764 1647 1836 1709 ὡς

141 1732 596 1804 δεδουλωμένους
629 1734 829 1796 αὐτοὺς
859 1736 1198 1801 κατενόησαν
1231 1732 1323 1786 καὶ
1361 1732 1556 1796 τελέως
1595 1734 1702 1787 ὑπὸ
1743 1742 1837 1803 τῆς

139 1826 443 1892 συνηθείας
498 1820 826 1892 ἐχομένους,
888 1822 1123 1892 ἤρξαντο
1178 1824 1315 1891 πρὸς
1377 1822 1576 1884 αὐτοὺς
1631 1821 1834 1890 λέγειν·

72 1925 114 1958 20
137 1912 319 1980 <134>
360 1911 548 1980 ςἡμῖν,
596 1907 638 1962 ὦ
680 1911 958 1980 κράτιστοι
996 1920 1263 1978 νεανιῶν,
1316 1906 1463 1963 οἶκοί
1495 1929 1551 1962 τε
1591 1909 1698 1962 εἰσὶ
1735 1929 1835 1963 πα-
1867 1926 1893 1965 8

139 2006 306 2071 τρςόοι
360 1998 450 2052 καὶ
503 2007 689 2068 κτῆσις
743 1998 974 2067 ἀγαθῶν
1022 2001 1278 2067 ἄφθονος
1324 1997 1414 2051 καὶ
1454 1999 1486 2065 ἡ
1526 2000 1673 2068 παρὰ
1724 2009 1834 2052 τῶν

140 2087 350 2156 γονέων
390 2087 480 2141 καὶ
518 2097 629 2141 τῶν
662 2089 880 2142 οἰκείων
920 2088 1110 2140 εὔνοια
1150 2085 1241 2139 καὶ
1283 2089 1501 2156 στοργή.
1578 2080 1694 2157 κᾷτ’
1742 2088 1834 2140 οὐ-

141 2177 300 2238 δενὸς
331 2178 543 2230 τούτων
575 2176 886 2246 ἀποροῦσαι
919 2173 1112 2229 ἐνθάδ’
1150 2176 1384 2243 ἥκουσαι
1414 2175 1569 2243 ἡμεῖς
1600 2177 1677 2238 εἰς
1717 2177 1834 2244 ὁμι-

144 2266 270 2316 λίαν
307 2265 541 2333 ἥκομεν,
592 2263 711 2317 οὐδ’
759 2264 1227 2334 ἐμπορευσόμεναι
1266 2264 1367 2331 τὴν
1407 2264 1556 2332 ὥραν
1596 2265 1697 2331 τὴν
1736 2272 1835 2316 τοῦ

79 2365 121 2398 25
150 2353 397 2420 σώματος
450 2353 846 2422 προσηκάμεθα
901 2354 1002 2420 τὴν
1063 2350 1334 2421 ὑμετέραν
1388 2350 1649 2418 ἀξίωσιν,
1711 2349 1829 2404 ἀλλ’

144 2442 352 2510 ἄνδρας
402 2439 650 2508 ἀγαθοὺς
703 2438 793 2493 καὶ
849 2442 1096 2502 δικαίους
1141 2440 1521 2508 ὑπολαβοῦσαι
1566 2441 1837 2502 τοιούτοις

145 2529 286 2597 ὑμᾶς
339 2518 562 2596 τιμῆσᾶι
616 2528 816 2591 ξενίοις
872 2526 1168 2597 δεομένους
1217 2526 1565 2596 ἐπείσθημεν.
1653 2528 1835 2597 <135>

144 2615 233 2669 καὶ
274 2625 410 2684 νῦν,
463 2615 578 2669 ἐπεὶ
617 2614 754 2685 φατὲ
791 2618 927 2685 πρὸς
964 2616 1105 2684 ἡμᾶς
1143 2618 1521 2685 φιλοστόργως
1560 2617 1704 2685 ἔχειν
1743 2615 1834 2669 καὶ

145 2709 441 2758 λυπεῖσθαι
489 2709 809 2773 μελλουσῶν
860 2703 1194 2773 ἀναχωρεῖν,
1244 2701 1362 2757 οὐδ’
1410 2702 1566 2756 αὐταὶ
1605 2705 1705 2772 τὴν
1746 2703 1832 2756 δέ-

78 2808 121 2840 30
144 2807 272 2861 ησιν
302 2793 459 2862 ὑμῶν
491 2791 969 2862 ἀποστρεφόμεθα,
1008 2795 1192 2845 πίστιν
1226 2789 1275 2844 δ’
1308 2792 1525 2854 εὐνοίας
1564 2795 1832 2861 λαβοῦσαι

265 2897 288 2946 ξ
323 2898 403 2937 131
432 2914 487 2930 ==
511 2893 649 2937 Num.
681 2893 810 2937 XXV
843 2898 881 2937 1.
1444 2915 1458 2937 κ

1477 2965 1563 3008 15*
