2052 3141
134 1953 158 1990 εἰ

190 38 293 91 156
793 37 1244 80 ΑΡΧΑΙοΛοΓΙΑΣ

186 175 408 242 σμήθη,
463 170 533 224 δι’
582 171 647 225 ὃν
687 168 947 239 Ἰώσηπος
1002 170 1357 223 ἐδεσπότευσε
1408 177 1501 237 τῆς
1545 171 1867 237 Αἰγυπτίων

187 262 496 330 δυνάμεως,
543 256 703 322 οὗτος
751 260 884 328 ὑμῖν
930 259 1159 320 τούτους
1196 260 1466 327 χαρίζεται
1503 261 1631 320 τοὺς
1670 260 1869 325 λόγους

187 346 259 401 δι’
308 346 581 417 ἑρμηνέως
613 347 764 416 ἐμοῦ.
841 348 983 414 <88>
1017 346 1302 415 σεβάσμιοι
1336 344 1384 398 δ’
1423 347 1555 414 ὑμῖν
1597 344 1869 414 γενέσθω-

187 451 309 504 σαν,
348 435 439 489 καὶ
470 435 678 489 τέκνων
709 437 1195 505 περιμαχητότεροι
1225 433 1316 486 καὶ
1355 443 1655 502 γυναικῶν·
1689 434 1871 487 εὐδαί-

187 545 328 593 μονα
359 526 463 594 γὰρ
497 523 704 588 διάξετε
745 528 870 593 βιόν
910 525 1123 585 τούτοις
1163 521 1437 590 ἑπόμενοι,
1475 520 1566 574 καὶ
1604 530 1702 590 γῆς
1740 521 1871 574 ἄπο-

187 613 448 675 λαύοντες
470 615 745 682 καρπίμου
770 610 860 664 καὶ
884 612 1158 679 θαλάττης
1189 610 1515 680 ἀχειμάστου
1541 608 1631 662 καὶ
1664 609 1871 662 τέκνων

186 709 353 769 γονῆς
396 702 533 753 κατὰ
586 702 758 770 φύσιν
805 698 1167 768 τικτομένων,
1213 698 1303 751 καὶ
1349 702 1629 767 πολεμιόις
1678 701 1871 751 ἔσεσθε

186 792 431 859 φοβεροί.
493 796 568 860 τῷ
601 794 716 859 θεῷ
751 790 854 857 γὰρ
889 789 966 850 εἰς
999 790 1128 851 ὄψιν
1155 787 1338 840 ἐλθὼν
1363 786 1632 855 ἀκροατὴς
1656 786 1873 855 ἀφθάρ-

186 897 284 930 του
340 884 528 946 φωνῆς
568 876 855 944 ἐγενόμην·
905 876 1076 938 οὕτως
1116 875 1306 947 ἐκείνω
1347 883 1444 928 τοῦ
1484 873 1678 942 γένους
1718 875 1872 942 ὑμῶν

187 964 277 1018 καὶ
317 974 410 1033 τῆς
447 966 646 1018 τούτου
687 963 836 1033 μέλει
877 964 1180 1033 διαμονῆς.’

299 1054 442 1121 <89>
468 1051 616 1106 ταῦτ’
655 1053 825 1105 εἰπὼν
865 1053 1094 1121 προάγει
1133 1054 1228 1105 τὸν
1269 1054 1404 1104 λαὸν
1444 1049 1695 1119 γυναιξὶν
1736 1051 1875 1119 ὁμοῦ

188 1140 279 1194 καὶ
310 1140 537 1209 τέκνοις,
579 1142 650 1204 ὡς
681 1141 975 1194 ἀκούσειαν
1007 1148 1104 1193 τοῦ
1136 1145 1274 1192 θεοῦ
1308 1137 1702 1208 διαλεγομένου
1741 1141 1876 1206 πρὸς

189 1229 390 1290 αὐτοὺς
420 1228 544 1297 περὶ
575 1239 684 1281 τῶν
722 1227 1025 1297 πρακτέων,
1065 1229 1156 1280 ἵνα
1196 1230 1266 1296 μὴ
1309 1230 1533 1296 βλαβείη
1575 1236 1683 1279 τῶν
1723 1232 1876 1294 λεγο-

190 1314 372 1385 μένων
404 1317 436 1384 ἡ
470 1316 631 1385 ἀρετὴ
672 1316 778 1369 ὑπὸ
819 1315 1176 1383 ἀνθρωπίνης
1217 1316 1471 1382 γλώττης,
1513 1315 1762 1377 ἀσθενῶς
1801 1317 1877 1376 εἰς

191 1414 399 1472 γνῶσιν
439 1405 624 1467 αὐτοῖς
662 1402 1090 1472 παραδιδομένη.
1170 1404 1312 1470 <90>
1346 1403 1541 1465 πάντες
1580 1400 1628 1455 τ’
1674 1405 1877 1471 ἤκουον

190 1501 379 1561 φωνῆς
417 1492 634 1555 ὑψόθεν
674 1489 1114 1559 παραγινομένης
1153 1492 1229 1552 εἰς
1268 1491 1525 1557 ἅπαντας,
1566 1492 1638 1553 ὡς
1679 1493 1876 1559 διαφυ-

191 1590 308 1647 γεῖν
356 1578 566 1649 μηδένα
619 1589 727 1632 τῶν
784 1578 913 1631 δέκα
968 1581 1148 1645 λόγων
1205 1579 1300 1641 οὓς
1354 1582 1597 1646 ,Μωυσῆς
1652 1579 1710 1632 ἐν
1762 1589 1878 1642 ταῖς

193 1669 294 1720 δύο
345 1666 542 1731 πλαξὶν
590 1665 1000 1735 γεγραμμένους
1045 1665 1350 1718 κατέλιπεν
1401 1667 1495 1728 οὓς
1542 1668 1608 1720 οὐ
1647 1671 1878 1736 θεμιτόν

194 1755 342 1808 ἐστιν
381 1756 512 1824 ἡμῖν
553 1754 733 1823 λέγειν
784 1763 1035 1823 φανερῶς
1075 1757 1209 1820 πρὸς
1250 1754 1426 1821 λέξιν,
1479 1756 1570 1817 τὰς
1612 1752 1670 1806 δὲ
1713 1755 1877 1808 δυνά-

193 1864 310 1913 μεις
350 1844 532 1896 αὐτῶν
574 1845 907 1911 δηλώσομεν.

305 1934 447 1999 <91>
495 1932 741 1983 διδάσκει
789 1928 889 1998 μὲν
937 1927 1039 1983 οὗν
1087 1930 1224 1998 ἡμᾶς
1265 1931 1291 1983 ὁ
1333 1939 1544 1996 πρῶτος
1596 1932 1755 1997 λόγος
1795 1931 1877 1982 ὅτι

191 2023 324 2083 θεὸς
369 2023 517 2073 ἔστιν
565 2013 642 2082 εἷς
687 2019 776 2071 καὶ
825 2027 1019 2072 τοῦτον
1070 2021 1156 2070 δεῖ
1202 2017 1461 2085 σέβεσθαι
1510 2020 1704 2085 μόνον·
1747 2019 1775 2071 ὁ
1818 2016 1877 2070 δὲ

195 2110 446 2177 δεύτερος
471 2109 678 2160 κελεύει
704 2110 939 2176 μηδενὸς
964 2109 1149 2159 εἰκόνα
1186 2104 1324 2176 ζῴου
1357 2108 1688 2172 ποιήσαντας
1711 2121 1878 2174 προσ-

194 2206 401 2263 κυνεῖν,
436 2197 463 2249 ὁ
490 2200 667 2264 τρίτος
700 2194 748 2247 δ’
782 2194 868 2247 ἐπὶ.
902 2194 1095 2263 μηδενὶ
1121 2176 1314 2266 φαύλῳ
1341 2197 1436 2246 τὸν
1460 2196 1598 2246 θεὸν
1625 2195 1878 2262 ὀμνύναι,

1899 975 1941 1006 10

1903 1415 1943 1446 15

1903 1855 1945 1885 20

195 2285 223 2338 ὁ
266 2282 325 2336 δὲ
366 2284 617 2353 τέταρτος
656 2292 989 2351 παρατηρεῖν
1030 2284 1122 2344 τὰς
1164 2281 1496 2350 ἑβδομάδας,
1536 2280 1877 2350 ἀναπαυομέ-
1904 2294 1946 2325 35

196 2394 328 2435 νους
368 2373 472 2426 ἀπὸ
512 2375 715 2434 παντὸς
747 2375 931 2438 ἔργον,
973 2372 1115 2437 <5>9>
1148 2372 1176 2423 ὁ
1212 2368 1270 2422 δὲ
1310 2369 1546 2438 πέμπτος
1586 2379 1767 2437 γονεῖς
1806 2390 1879 2422 τι-

196 2470 337 2530 μᾶν,
393 2462 420 2514 ὁ
464 2460 511 2513 δ’
559 2460 709 2522 ἕκτος
755 2458 1054 2528 ἀπέχεσθαι
1094 2462 1307 2526 φόνου,
1371 2459 1398 2510 ὦ
1441 2457 1489 2510 δ’
1537 2458 1768 2526 ἕβδομος
1807 2460 1878 2525 μὴ

197 2550 504 2618 μοιχεύειν,
552 2549 580 2601 ὁ
622 2546 670 2600 δ’
720 2549 915 2615 ὄγδοος
956 2549 1027 2614 μὴ
1068 2548 1277 2613 κλοπὴν
1318 2549 1486 2611 δρᾶν.
1528 2546 1556 2599 ὁ
1599 2544 1646 2598 δ’
1694 2549 1881 2607 ἔνατος

197 2639 267 2705 μὴ
315 2639 822 2705 πίνετ.νδ()μ.αρτι..νρεῖ”ιν,
869 2635 898 2688 ὁ
941 2633 1000 2686 δὲ
1048 2633 1269 2696 δέκατος
1316 2636 1550 2702 μηδενὸς
1588 2632 1878 2699 ἀλλοτρίου

197 2724 496 2792 ἐπιθυμίαν
537 2725 849 2791 λαμβάνειν.

315 2829 338 2877 5
374 2828 427 2866 so
456 2847 508 2859 Ξ
534 2825 677 2869 Exod.
709 2823 789 2866 xx
829 2829 863 2867 ι.
