2052 3141
809 63 1083 104 TETAPTH
1678 62 1785 114 223

100 198 272 250 αὐτοῦ
330 198 422 250 διὰ
469 197 569 264 τὴν
614 202 707 263 τῆς
754 197 889 249 ὄνου
936 197 1132 264 φωνὴν
1179 195 1544 266 ἀνθρωπίνην
1595 193 1788 266 οὖσαν,

103 283 386 355 ἐπιφανεὶς
438 283 528 337 καὶ
569 285 598 338 ὁ
639 285 869 352 ἄγγελος
921 283 1152 353 ἐναργὴς
1200 284 1441 337 ἐνεκάλει
1492 295 1602 338 τῶν
1653 291 1788 354 πλη-

101 384 243 441 γῶν,
282 374 354 435 ὡς
396 372 519 442 οὐχὶ
558 381 657 426 τοῦ
696 374 929 440 κτήνους
970 374 1128 434 ὄντος
1168 375 1371 442 αι’τιόυ,
1411 377 1511 443 τὴν
1553 372 1605 426 δ’
1653 375 1787 428 ὁδὸν

101 463 270 515 αὐτοῦ
327 462 731 524 διακωλύοντος
776 461 922 530 παρὰ
969 455 1200 529 γνώμην
1241 470 1340 514 τοῦ
1387 468 1526 516 θεοῦ
1565 463 1787 533 γενομέ-

53 566 74 598 5
98 571 218 618 νην.
296 550 476 617 <111>
500 550 821 611 καταδείσας
857 547 904 600 δ’
948 550 975 602 ὁ
1004 550 1260 617 Βάλαμος
1299 543 1414 612 οἷός
1453 571 1508 603 τε
1548 549 1617 620 ἦν
1657 552 1788 605 ἀνα-

100 637 381 708 στρέφειν,
429 637 566 690 ἀλλά
612 640 744 699 θεὸς
791 638 960 690 αὐτὸν
1018 648 1217 707 χωρεῖν
1268 640 1368 707 τὴν
1423 639 1786 710 προκειμένην

98 729 490 797 παρώρμησεν,
545 726 881 796 προστάξας,
938 727 966 778 ὅ
1007 746 1057 778 τι
1104 745 1204 796 περ
1254 728 1416 789 αὐτὸς
1462 730 1596 781 κατὰ
1646 737 1787 782 νοῦν

98 815 243 886 αὐτῷ
296 817 573 883 ποιήσειε,
634 822 795 867 τοῦτο
853 818 1155 883 σημαίνειν.
1241 818 1421 885 <112>
1467 816 1556 869 καὶ
1605 817 1633 870 ὃ
1686 815 1786 886 μὲν

100 912 270 956 ταῦτα
303 911 402 955 τοῦ
433 908 573 955 θεοῦ
606 904 966 964 κελεύσαντος
997 904 1114 970 ἥκει
1146 906 1281 972 πρὸς
1319 905 1594 972 Βάλακον,
1635 906 1787 969 δεξα-

34 1008 75 1039 10
99 989 269 1060 μένου
325 987 374 1042 δ’
421 990 589 1043 αὐτὸν
645 999 743 1043 τοῦ
790 989 1056 1058 βασιλέως
1104 991 1408 1061 ἐκπρεπῶς,
1460 993 1616 1061 ἠξίου
1656 1012 1788 1064 προ-

98 1077 288 1148 αχθεὶς
313 1078 405 1131 ἐπί
423 1099 474 1130 τι
499 1088 609 1131 τῶν
636 1079 781 1147 ὀρῶν
816 1078 1125 1142 σκέψασθαι
1150 1090 1263 1142 πῶς
1292 1084 1353 1134 τὸ
1381 1091 1490 1133 τῶν
1515 1080 1787 1151 Ἐβραίων

98 1170 211 1237 ἔχοι
260 1169 645 1237 στρατόπεδον.
723 1168 973 1229 Βάλακος
1025 1166 1073 1220 δ’
1122 1169 1285 1231 αὐτὸς
1335 1169 1643 1239 ἀφικνεῖται
1690 1174 1786 1225 τὸν

97 1256 294 1324 μάντιν
336 1257 439 1307 σὺν
473 1258 725 1324 βασιλικῇ
758 1259 1027 1326 θεραπεία
1067 1260 1366 1325 φιλοτίμως
1406 1257 1673 1326 ἀγόμενος
1712 1261 1788 1321 εἰς

99 1346 244 1413 ὄρος,
284 1344 416 1411 ὅπερ
456 1340 594 1413 ὑπὲρ
628 1348 865 1412 κεφαλῆς
904 1344 1085 1395 αὐτῶν
1127 1346 1318 1413 ἔκειτο,
1357 1355 1455 1398 τοῦ
1497 1346 1787 1414 στρατοπέ-

33 1449 73 1481 15
100 1434 202 1485 δου
243 1433 498 1494 σταδίους
538 1431 741 1501 ἀπέχον
776 1430 1048 1500 ἑξήκοντα.
1126 1434 1306 1501 <ll-3>
1339 1436 1577 1486 κατιδὼν
1612 1433 1659 1487 δ’
1692 1437 1787 1489 αὐ-

96 1524 224 1582 τοὺς
264 1520 470 1583 ἐκεῖνος
508 1523 727 1589 βωμούς
767 1541 821 1573 τε
856 1519 1139 1573 ἐκέλευσεν
1181 1520 1311 1574 ἑπτὰ
1353 1525 1650 1590 δείμασθαι
1690 1527 1786 1577 τὸν

96 1608 322 1677 βασιλέα
356 1608 444 1661 καὶ
477 1610 774 1671 τοσούτους
805 1612 1042 1679 ταύρους
1078 1609 1170 1662 καὶ
1203 1614 1391 1680 κριοὺς
1430 1620 1785 1681 παραστῆσαι.

96 1697 550 1766 ὑπουργήσαντος
590 1695 649 1750 δὲ
692 1699 783 1750 διὰ
824 1697 1030 1768 ταχέων
1078 1707 1176 1751 τοῦ
1216 1699 1507 1769 βασιλέως,
1557 1701 1786 1754 ὁλοκαυ-

96 1795 186 1838 τοϊ
213 1784 496 1849 τυθέντας.
554 1787 626 1849 ὡς
659 1783 717 1839 δὲ
751 1789 960 1855 τροπὴν
987 1784 1097 1839 εἶδε
1125 1787 1565 1857 σημαινομένην,
1605 1790 1786 1858 <114>

30 1892 73 1923 ρο
99 1874 155 1928 ςὁ
197 1874 358 1936 λεώς’
398 1889 568 1943 φησιν
611 1871 797 1937 (οὗτος
829 1876 1127 1944 εὐδαίμων,
1167 1871 1209 1947 ᾧ
1253 1877 1280 1929 ὁ
1321 1880 1454 1939 θεός
1492 1898 1547 1930 τε
1590 1880 1786 1931 δίδωσι

95 1965 311 2032 μυρίων
358 1971 549 2031 κτῆσιν
599 1963 862 2031 ἀγαθῶν,
910 1963 998 2016 καὶ
1049 1965 1335 2034 σύμμαχον
1384 1967 1460 2027 είς
1510 1967 1654 2018 ἅπαν
1693 1966 1784 2019 καὶ

94 2050 337 2119 ἡγεμόνα
387 2053 487 2120 τὴν
540 2050 738 2105 ἑαυτοῦ
788 2055 1057 2122 πρόνοιαν
1110 2052 1415 2105 ἐπένευσεν.
1494 2055 1566 2116 ὡς
1618 2053 1784 2108 οὐδὲν

95 2141 244 2192 ἔστιν
284 2138 635 2210 ἀνθρώπειον
675 2140 833 2209 γένος
873 2138 939 2194 οὗ
980 2143 1051 2210 μὴ
1093 2138 1208 2193 κατ’
1249 2141 1446 2210 ἀρετὴν
1486 2141 1575 2195 καὶ
1619 2147 1783 2212 ζήλω-

97 2241 186 2279 σιν
242 2227 682 2298 ἐπιτηδευμάτων
745 2230 985 2300 ἀρίστων
1047 2229 1137 2282 καὶ
1199 2236 1463 2299 καθαρῶν
1517 2236 1784 2301 πονηρίας

29 2330 71 2362 25
96 2314 250 2383 ὑμεῖς
281 2314 536 2384 ἀμείνους
566 2321 925 2387 κριθήσεσθε,
965 2317 1053 2371 καὶ
1086 2317 1239 2370 παισὶ
1279 2322 1556 2387 βελτίοσιν
1598 2321 1780 2373 αὐτῶν

95 2412 263 2456 ταῦτα
295 2408 661 2473 καταλείψετε,
699 2412 839 2459 θεοῦ
871 2409 1077 2474 μόνους
1108 2407 1249 2475 ὑμᾶς
1288 2406 1618 2474 ἀνθρώπους
1659 2408 1785 2477 ε’φο-

97 2501 319 2561 ρῶντος,
360 2491 449 2544 καὶ
483 2493 619 2545 ὅθεν
651 2493 720 2545 ἂν
752 2492 1011 2562 γένοισθε
1042 2495 1264 2546 πάντων
1304 2494 1783 2567 εὐδαιμονέστεροι

95 2590 206 2634 τῶν
246 2581 352 2634 ὑπὸ
393 2584 489 2635 τὸν
528 2583 688 2649 ἥλιον
737 2582 1128 2653 ἐκπορίζοντος.
1206 2585 1387 2652 <115>
1426 2593 1531 2653 γῆν
1570 2582 1614 2637 τ’
1662 2581 1784 2653 οὖν,

98 2666 183 2737 ἐφ’
236 2669 306 2737 ἣν
352 2669 492 2738 ὑμᾶς
537 2671 699 2732 αὐτὸς
749 2673 984 2740 ἔστειλε,
1024 2670 1313 2741 καθέξετε,
1368 2674 1782 2726 δουλεύσουσαν

30 2771 74 2803 30
97 2755 182 2809 ἀεὶ
220 2757 409 2810 παισὶν
448 2756 755 2829 ὑμετέροις,
802 2759 891 2812 καὶ
932 2769 1030 2814 τοῦ
1075 2759 1198 2830 περὶ
1239 2761 1420 2813 αὐτῶν
1459 2760 1653 2824 κλέους
1693 2761 1783 2831 ἐμ-

215 2863 238 2911 5
274 2836 355 2903 1'10
382 2881 436 2896 =
461 2859 598 2903 Num.
631 2859 759 2902 XXII
791 2866 859 2905 28.
