2052 3141
867 91 1046 132 TPITH
1697 86 1801 139 175

117 227 384 296 σωτηρίας
419 232 514 292 τῆς
543 222 804 293 ὑμετέρας
835 224 1081 276 σύνοιδα.
1160 232 1264 276 νῦν
1306 221 1354 276 δ’
1402 223 1565 284 αὐτὸς
1604 223 1632 275 ὁ
1671 223 1803 284 θεὸς

111 312 358 384 Ἀαρῶνα
388 320 482 380 τῆς
505 321 662 381 τιμῆς
691 314 889 381 ταύτης
919 312 1074 376 ἄξιον
1108 313 1285 380 ἔκρινε
1319 311 1409 364 καὶ
1440 320 1639 364 τοῦτον
1672 309 1802 381 ᾕρη-

116 423 204 455 ται
245 400 408 471 ἱερέα,
447 403 544 454 τὸν
578 403 920 470 δικαιότερον
952 405 1163 470 μᾶλλον
1202 401 1357 469 ἡμῶν
1397 402 1577 462 εἰδώς·
1620 400 1801 467 <191>

120 492 193 553 ὡς
243 487 403 553 οὗτος
457 490 742 543 ἐνδύσεται
800 491 1001 558 στολὴν
1053 497 1126 561 τῷ
1178 496 1293 561 θεῷ
1348 487 1802 557 καθωσιωμένην,

71 600 90 630 5
116 578 206 632 καὶ
244 583 447 648 βωμῶν
489 578 798 647 ἐπιμέλειαν
839 578 944 642 ἔξει
984 577 1074 630 καὶ
1114 581 1383 647 πρόνοιαν
1427 579 1666 646 ἱερείων,
1713 575 1803 629 καὶ

116 669 209 729 τὰς
247 664 386 736 ὑπὲρ
425 668 582 736 ὑμῶν
622 668 783 737 εὐχὰς
821 670 1105 736 ποιήσεται
1144 669 1279 737 πρὸς
1318 669 1415 720 τὸν
1454 669 1592 720 θεὸν
1632 663 1804 734 ἡδέως

117 755 512 825 ἀκουσόμενον,
553 756 634 808 ὅτι
667 775 722 808 τε
754 757 975 823 κήδεται
1016 754 1211 823 γένους
1250 763 1347 808 τοῦ
1389 754 1675 823 ὑμετέρου,
1715 752 1803 805 καὶ

115 843 239 914 παρ’
286 844 488 914 ἀνδρὸς
539 844 603 896 ὃν
655 844 817 906 αὐτὸς
865 843 1137 907 ἐξελέξατο
1186 842 1477 912 γινομένας
1515 841 1804 909 προσδέξε-

115 953 201 986 ται
240 932 477 995 ταύταςῖ
557 933 736 1000 <192>
770 931 1016 1001 Εβραῖοι
1066 930 1115 984 δ’
1163 931 1459 1002 ἠρέσκοντο
1500 940 1613 993 τοῖς
1592 935 1804 1087 ηλεγο-

50 1040 91 1071 10
117 1020 301 1090 μένοις
339 1019 429 1073 καὶ
471 1018 754 1091 συνῄνουν
786 1029 848 1091 τῇ
889 1029 987 1074 τοῦ
1026 1027 1166 1104 θεοῦ
1206 1023 1529 1091 χειροτονία.
1630 1039 1803 1086 νγαρ

111 1107 323 1178 Ἀαρὼν
370 1110 463 1162 διά
511 1129 565 1162 τε
614 1112 673 1163 τὸ
714 1109 872 1177 γένος
918 1108 1008 1162 καὶ
1059 1098 1159 1177 τὴν
1199 1112 1537 1179 προφητείαν
1577 1107 1667 1160 καὶ
1705 1128 1805 1175 την

117 1198 316 1268 ἀρετὴν
362 1198 640 1267 τάδελφοῦ
686 1201 823 1267 πρὸς
863 1200 962 1266 τὴν
1013 1200 1175 1267 τιμὴν
1217 1197 1473 1250 ἁπάντων
1513 1197 1806 1264 ἀξιολογώ-

116 1306 284 1356 τερος.
346 1283 488 1355 ἦσαν
522 1285 571 1339 δ’
612 1287 756 1357 αὐτῷ
791 1285 881 1338 καὶ
914 1289 1103 1349 παῖδες
1135 1284 1249 1339 κατ’
1291 1286 1504 1339 ἐκεῖνον
1544 1287 1640 1338 τὸν
1680 1287 1806 1354 χρό-

118 1396 219 1429 νον
258 1374 533 1445 τέτταρες,
584 1376 847 1443 Νάβαδος
892 1372 1108 1443 Ἀβιοῦς
1149 1373 1464 1442 Ἐλεάζαρος
1498 1372 1805 1442 Ἰθάμαρος.

51 1481 93 1513 15
232 1465 411 1532 (193)
442 1464 543 1517 ὅσα
577 1460 637 1516 δὲ
670 1473 778 1516 τῶν
810 1466 946 1531 πρὸς
978 1465 1076 1531 τὴν
1109 1471 1202 1531 τῆς
1235 1471 1437 1531 σκηνῆς
1468 1463 1806 1530 κατασκευὴν
1841 1483 1850 1492 ·

117 1551 644 1622 παρεσκευασμένων
668 1549 738 1620 ἧν
761 1552 1001 1621 περιττά,
1031 1549 1180 1604 ταῦτ’
1215 1550 1496 1604 ἐκέλευσεν
1523 1553 1598 1612 εἰς
1623 1550 1804 1619 φάρση

120 1643 483 1709 σκεπαστήρια
522 1648 616 1708 τῆς
654 1660 708 1692 τε
751 1648 953 1708 σκηνῆς
988 1640 1152 1707 αὐτῆς
1190 1639 1281 1692 καὶ
1322 1648 1415 1707 τῆς
1454 1642 1678 1709 λυχνίας
1717 1637 1806 1690 καὶ

119 1737 217 1782 τοῦ
270 1731 642 1799 θυμιατηρίου
697 1727 788 1781 καὶ
838 1738 948 1780 τῶν
1002 1730 1186 1780 ἄλλων
1242 1737 1454 1780 σκευῶν
1510 1726 1807 1794 ἀναλῶσαι,

122 1818 266 1880 ὅπως
304 1818 438 1870 κατὰ
470 1818 569 1885 τὴν
602 1817 926 1886 ὁδοιπορίαν
965 1825 1134 1869 ταῦτα
1175 1814 1295 1885 μήτ’
1337 1816 1388 1880 ἐξ
1430 1816 1594 1868 ὑετοῦ
1636 1813 1808 1884 μηδὲν

54 1923 96 1955 20
121 1904 239 1975 μήτ’
288 1905 346 1958 ἐκ
385 1913 676 1975 κονιορτοῦ
716 1906 1033 1974 βλάπτηται.
1111 1906 1340 1973 <194s5>
1381 1907 1441 1957 τό
1489 1924 1544 1957 τε
1595 1908 1810 1971 πλῆθος

120 1994 388 2064 ἀθροίσας
431 1995 624 2062 πάλιν,
671 1995 938 2064 εἰσφορὰν
979 1995 1123 2066 αὐτῷ
1164 1993 1493 2064 προσέταξεν
1534 1992 1810 2062 εἰσφέρειν

121 2087 312 2136 σίκλου
359 2084 421 2136 τὸ
468 2083 638 2151 ἥμισυ
685 2081 811 2135 καθ’
859 2083 1109 2136 ἕκαστον·
1160 2084 1187 2137 ὁ
1237 2080 1297 2135 δὲ
1347 2086 1530 2144 σίκλος
1568 2085 1810 2150 νόμισμα

114 2169 371 2240 Ἑβραϊον
406 2171 483 2223 ὢν
516 2169 757 2234 Ἀττικὰς
790 2170 999 2241 δέχεται
1034 2172 1277 2241 δραχμὰς
1308 2169 1576 2239 τέτταρας.
1630 2171 1809 2237 <196>

123 2262 178 2312 οἳ
217 2257 266 2311 δ’
314 2257 539 2327 ἑτοίμως
583 2259 868 2328 ὑπήκουον
917 2253 998 2322 οἷς
1050 2259 1262 2312 ἐκέλευε
1301 2262 1573 2326 ΛἎωυσῆς,
1620 2256 1710 2310 καὶ
1749 2259 1809 2310 τὸ

57 2363 98 2395 25
123 2351 336 2415 πλῆθος
388 2356 498 2400 τῶν
554 2348 926 2416 εἰσφερόντων
980 2345 1050 2416 ἧν
1099 2347 1359 2417 ἑξήκοντα
1411 2346 1671 2415 μυριάδες
1721 2343 1811 2397 καὶ

123 2439 552 2505 πεντακισχίλιοι
599 2434 688 2487 καὶ
727 2439 1075 2489 πεντακόσιοι
1115 2435 1205 2489 καὶ
1244 2439 1598 2504 πεντήκοντα.
1676 2432 1812 2486 εἰσέ-

124 2543 297 2593 φερον
339 2521 399 2576 δὲ
437 2523 736 2593 τάργύριον
776 2534 884 2576 τῶν
929 2524 1240 2594 ἐλευθέρων
1282 2526 1338 2577 οἱ
1374 2521 1464 2576 ἀπ’
1511 2528 1684 2576 εἴκοσι
1722 2520 1813 2574 καὶ

125 2614 239 2666 ἄνω
287 2611 422 2665 ε’τῶν
472 2613 597 2682 ἄχρι
643 2615 982 2681 πεντήκοντα
1028 2616 1328 2682 γεγονότες.
1406 2615 1466 2666 τὸ
1508 2610 1569 2665 δὲ
1618 2625 1813 2679 συγκο-

126 2698 327 2770 μισθὲν
368 2702 445 2763 εἰς
483 2701 578 2762 τὰς
615 2699 739 2770 περὶ
777 2702 878 2770 τὴν
920 2705 1129 2772 σκηνὴν
1168 2706 1351 2772 χρείας
1391 2701 1678 2770 ἀνηλοῦτο.

246 2822 269 2870 ξ
296 2821 377 2860 191
407 2838 462 2852 =
489 2815 632 2859 EXOd.
650 2816 846 2859 XXVIII
865 2821 904 2861 1.
979 2823 1003 2871 ἓ
1033 2823 1115 2861 194
1144 2840 1195 2855 =
1223 2818 1365 2862 EXOd.
1392 2817 1521 2860 XXX
1548 2822 1614 2860 11.
1679 2821 1701 2869 ξ
1730 2820 1812 2858 196

128 2912 185 2927 =
210 2889 355 2935 Exod.
387 2889 622 2933 XXXVIII
653 2895 722 2935 26.
