2052 3141
880 45 1060 85 TPITH
1710 43 1812 96 169

241 178 425 246 <159>
461 176 553 230 καὶ
604 178 767 231 ὁποία
813 176 913 246 μέν
954 177 1101 229 ἐστιν
1141 177 1174 245 ἡ
1215 186 1324 230 τῶν
1364 182 1584 231 πολλῶν
1626 177 1816 248 ἱερέων

131 267 294 335 στολὴ
336 267 743 335 δεδηλώκαμεν·
785 266 814 319 ὁ
856 262 916 318 δὲ
948 265 1231 334 ἀρχιερεὺς
1269 276 1548 334 κοσμεῖται
1588 263 1688 334 μὲν
1727 264 1818 319 καὶ
1850 276 1878 314 4

128 355 328 424 ταύτῃ,
374 354 697 423 παραλιπὼν
737 350 902 406 οὐδὲν
949 363 1059 406 τῶν
1106 354 1545 423 προειρημένων,
1593 354 1819 407 ἐπενδυ-

130 443 364 510 σάμενος
397 439 446 494 δ’
486 441 538 505 ἐξ
573 443 848 495 ὑακίνθου
886 440 1254 510 πεποιημένον
1293 453 1511 511 χιτῶνα.
1573 445 1819 513 ποδήρης

86 529 180 584 ὅδ’
230 529 342 583 ἐστὶ
391 530 482 583 καὶ
531 527 712 594 οὗτος·
761 529 910 601 μεεὶρ
959 535 1200 583 καλεῖται
1238 532 1372 583 κατὰ
1412 533 1512 600 τὴν
1552 530 1819 601 ἡμετέραν

129 623 389 686 γλῶτταν.
470 621 608 690 ζώνῃ
655 623 1068 690 περισφίγγεται
1117 620 1396 688 βάμμασιν
1437 613 1518 682 οἷς
1556 620 1588 687 ἡ
1629 623 1819 689 πρότε-

130 728 230 777 ρον
291 709 454 775 ἤνθει
519 707 1037 779 διαπεποικιλμένῃ,
1100 717 1309 778 χρυσοῦ
1373 707 1817 777 συνυφασμένου.

130 796 309 864 <160>
354 797 488 848 κατὰ
542 795 707 860 πέζαν
756 793 805 848 δ’
860 797 1005 867 αὐτῷ
1055 795 1531 866 προσερραμμένοι
1578 798 1820 850 θύσανοι

129 883 276 953 ῥοῶν
322 886 528 953 τρόπον
576 884 635 936 ἐκ
685 887 865 953 βαφῆς
916 883 1278 953 μεμιμημένοι
1318 883 1679 953 ἀπήρτηνται,
1730 883 1819 937 καὶ

61 993 103 1024 10
127 973 381 1034 κώδωνες
427 982 628 1041 χρυσοῖ
670 973 805 1025 κατὰ
844 974 1056 1040 πολλὴν
1106 972 1453 1040 ἐπιτήδευσιν
1493 980 1587 1040 τῆς
1626 974 1818 1043 εὐπρε-

127 1063 298 1128 πείας,
339 1061 475 1113 ὥστε
509 1059 677 1129 μέσον
711 1059 1201 1129 ἀπολαμβάνεσθαι
1237 1062 1396 1113 δυοῖν
1437 1080 1492 1112 τε
1532 1062 1818 1114 κωδώνοιν

129 1149 354 1218 ῥοΐσκον
393 1147 484 1201 καὶ
532 1149 679 1218 ῥοῶν
726 1149 1029 1201 κωδώνιον.
1109 1150 1289 1217 <161>
1331 1150 1444 1201 ἔστι
1486 1146 1536 1200 δ’
1584 1150 1611 1203 ὁ
1652 1151 1819 1219 χιτὼν

129 1233 288 1299 οὗτος
338 1237 439 1290 οὐκ
488 1236 546 1290 ἐκ
593 1239 753 1290 δυοῖν
801 1238 1255 1306 περιτμημάτων,
1304 1239 1440 1290 ὥστε
1490 1237 1691 1306 ῥαπτὸς
1731 1237 1817 1291 ἐπὶ

127 1335 237 1378 τῶν
278 1327 442 1394 ὤμων
482 1322 623 1378 εἶναι
656 1324 746 1378 καὶ
784 1335 894 1377 τῶν
933 1327 1079 1395 παρὰ
1118 1327 1381 1396 πλευράν,
1420 1326 1629 1395 φάρσος
1670 1324 1718 1379 δ’
1758 1328 1818 1379 ἓν

60 1434 101 1466 15
128 1413 381 1483 ἐπίμηκες
419 1413 740 1483 ὑφασμένον
782 1417 1003 1483 σχιστὸν
1036 1417 1144 1484 ἔχει
1184 1419 1539 1485 βρογχωτῆρα
1580 1416 1645 1468 οὐ
1685 1417 1819 1468 πλά-

128 1522 282 1570 γιον,
323 1501 460 1554 ἀλλὰ
507 1503 642 1554 κατὰ
683 1509 852 1570 μῆκος
901 1502 1177 1573 ἐρρωγότα
1217 1506 1353 1572 πρός
1391 1523 1446 1555 τε
1488 1505 1546 1556 τὸ
1589 1503 1817 1574 στέρνον

127 1590 217 1644 καὶ
243 1589 411 1660 μέσον
443 1593 503 1644 τὸ
537 1592 896 1660 μετάφρενον.
974 1591 1102 1655 πέζα
1145 1588 1193 1643 δ’
1226 1592 1371 1664 αὐτῷ
1414 1591 1819 1662 προσέρραπται

126 1676 263 1749 ὑπὲρ
298 1687 397 1732 τοῦ
430 1681 501 1748 μὴ
537 1678 915 1749 διελέγχεσθαι
954 1688 1062 1748 τῆς
1086 1688 1253 1748 τομῆς
1292 1681 1392 1748 τὴν
1434 1680 1817 1750 δυσπρέπειαν.

129 1768 330 1836 ὁμοίως
355 1765 414 1820 δὲ
444 1767 534 1820 καὶ
567 1768 703 1821 ὅθεν
737 1770 797 1821 αἱ
823 1779 997 1838 χεῖρες
1029 1770 1364 1838 διείργονται
1398 1772 1614 1838 σχιστός
1655 1769 1816 1823 ἐστιν.

61 1876 103 1908 20
241 1857 421 1925 <162>
462 1855 548 1909 ἐπὶ
590 1854 649 1909 δὲ
689 1859 903 1919 τούτοις
942 1861 1128 1927 τρίτον
1170 1857 1419 1910 ἐνδύεται
1458 1859 1555 1910 τὸν
1595 1861 1817 1926 λεγόμε-
1851 1869 1875 1907 5

127 1965 229 1998 νον
269 1941 370 2013 μὲν
417 1944 690 2014 ἐφούδην,
729 1943 1019 2015 Ἑλληνικῇ
1074 1943 1122 1998 δ’
1171 1945 1401 2014 ἐπωμίδι
1441 1950 1816 2015 προσεοικότα.

128 2034 477 2104 γίνεταιγάρ
527 2042 726 2087 τοῦτον
765 2037 863 2088 τὸν
903 2037 1124 2104 τρόπον.
1202 2033 1475 2103 ὑφανθεὶς
1515 2033 1600 2087 ἐπὶ
1642 2028 1818 2103 βάθος

127 2131 398 2191 πηχυαῖον
438 2124 497 2174 ἔκ
535 2142 592 2174 τε
631 2123 934 2192 χρωμάτων
985 2126 1263 2185 παντοίων
1302 2121 1393 2174 καὶ
1432 2132 1642 2192 χρυσοῦ
1684 2138 1818 2192 συμ-

127 2209 573 2278 πεποικιλμένος,
635 2210 1033 2281 ἀπερίπτυκτον
1095 2220 1193 2264 τοῦ
1249 2209 1478 2280 στέρνου
1533 2213 1592 2263 τὸ
1649 2209 1817 2280 μέσον

61 2314 103 2347 25
128 2298 537 2366 καταλιμπάνει,
576 2302 779 2369 χειρῖσί
804 2298 852 2351 τ’
899 2298 1205 2368 ἠσκημένος
1243 2297 1333 2351 καὶ
1373 2306 1446 2370 τῷ
1488 2297 1651 2352 παντὶ
1692 2303 1818 2369 σχή-

129 2406 255 2455 ματι
294 2388 461 2455 χιτὼν
500 2383 642 2439 εἶναι
688 2386 1065 2456 πεποιημένος.
1143 2388 1324 2455 <163>
1364 2396 1436 2459 τῷ
1481 2385 1541 2440 δὲ
1583 2387 1816 2459 διακένῳ

128 2476 327 2528 τούτου
365 2484 464 2528 τοῦ
504 2474 807 2544 ἐνδύματος
847 2477 1059 2529 σύνεισι
1090 2479 1398 2546 περίτμημα
1439 2482 1717 2544 σπιθαμῆς
1755 2478 1816 2529 τὸ

129 2561 380 2631 μέγεθος,
418 2571 602 2635 χρυσῷ
636 2563 814 2636 τε-καὶ
846 2574 960 2626 τοῖς
991 2565 1176 2627 αὐτοῖς
1208 2572 1281 2636 τῷ
1325 2564 1533 2634 ἐφούδῃ
1573 2565 1818 2632 βάμμασι

131 2650 544 2720 διηνθισμένον.
609 2651 776 2721 ἐσσὴν
817 2650 918 2720 μὲν
957 2657 1217 2719 καλεῖται,
1259 2655 1512 2720 σημαίνει
1554 2650 1614 2705 δὲ
1653 2662 1816 2706 τοῦτο

62 2755 105 2786 30
129 2740 263 2792 κατὰ
295 2741 394 2808 τὴν
426 2738 705 2808 Ἑλλήνων
737 2745 982 2808 γλῶτταν
1021 2744 1227 2808 λόγιον.
1306 2741 1487 2808 <164>
1521 2746 1725 2811 πληροῖ
1761 2739 1810 2794 δ’

250 2845 376 2894 §159
398 2863 454 2877 =
472 2840 617 2884 Exod.
634 2840 827 2884 XXVIII
844 2847 921 2894 333
954 2840 1148 2883 XXXIX
1181 2845 1258 2893 243
1294 2840 1349 2884 Cf.
1376 2840 1489 2885 Bell.
1516 2841 1614 2885 Iud.
1640 2841 1682 2886 V
1709 2846 1747 2897 5,
1777 2848 1815 2886 7.
