2052 3141
872 132 1136 172 HEMHTH
1739 123 1842 174 277

161 274 471 339 τετρῖφθαι·
512 269 770 338 τρυχίνας
802 266 905 335 γὰρ
939 266 1015 326 εἰς
1047 266 1106 316 τὸ
1140 271 1308 316 ταῦτα
1340 265 1673 314 πιστοῦσθαι
1712 260 1849 328 πρὸς

162 357 342 410 αὐτῶν
375 356 622 425 ἐπίτηδες
653 357 868 422 ἔλαβον.
946 353 1086 419 (54)
1127 351 1348 412 στάντες
1389 345 1491 402 οὖν
1531 350 1607 410 εἰς
1647 345 1849 415 μέσους

161 448 352 512 ἔλεγον
403 444 475 505 ὡς
525 448 832 511 πεμφθεῖεν
883 440 989 493 ὑπὸ
1041 449 1149 492 τῶν
1191 440 1243 490 Γ
1239 441 1560 506 αβαωνιτῶν
1607 434 1697 488 καὶ
1738 445 1847 487 τῶν

160 533 455 601 περιοίκων
486 533 721 597 πόλεων,
759 534 1018 581 πλεῖστον
1051 527 1371 596 ἀπεχουσῶν
1404 527 1566 593 τῆσδε
1600 530 1693 591 τῆς
1732 529 1848 590 γῆς,

117 623 519 689 ὅποιησόμενοι
564 621 700 689 πρὸς
747 618 946 679 αὐτοὺς
994 618 1184 685 φιλιάν
1228 612 1310 684 ἐφ’
1359 607 1443 675 αἷς
1481 613 1712 682 πάτριον
1753 610 1848 662 αὐ-

160 717 273 771 τοῖς
325 706 438 761 ἐστὶ
491 711 816 776 συνθήκαις·
869 709 1141 774 μαθόντες
1188 705 1290 774 γὰρ
1343 703 1401 756 ἐκ
1452 709 1591 755 θεοῦ
1631 701 1849 771 χάριτος

159 795 250 848 καὶ
291 798 498 866 δωρεᾶς
535 797 636 864 τὴν
678 798 1007 847 Χαναναίων
1048 793 1232 855 αὐτοῖς
1272 800 1375 860 γῆν
1414 795 1722 859 κτήσασθαι
1763 791 1849 841 δε-

162 886 394 951 δόσθαι,
441 885 656 946 τούτοις
702 903 756 935 τε
804 887 929 935 λίαν
978 886 1168 949 ἔλεγον
1215 882 1451 948 ἥδεσθαι
1500 879 1590 931 καὶ
1627 882 1850 940 πολίτας

160 966 352 1035 ἀξιοῦν
401 972 582 1024 αὐτῶν
629 970 906 1039 γενέσθαι.
985 972 1128 1037 (55)
1177 968 1267 1021 καὶ
1315 972 1371 1021 οἳ
1418 966 1518 1036 μὲν
1557 976 1725 1020 ταῦτα
1765 964 1850 1019 λε’-

96 1077 137 1108 10
160 1080 351 1128 γοντες
390 1059 480 1112 καὶ
520 1059 926 1121 ἐπιδεικνύντες
977 1079 1040 1110 τα
1081 1060 1341 1127 τεκμήρια
1381 1077 1474 1124 της
1513 1056 1851 1124 ὁδοιπορίας

158 1140 507 1217 παρεκάλουν
556 1146 642 1200 ἐπὶ
690 1150 974 1215 συνθήκας
1020 1145 1108 1198 καὶ
1149 1148 1341 1215 φιλίαν
1380 1148 1509 1207 τοὺς
1540 1142 1848 1213 Ἑβραίους·

153 1234 363 1304 Ἰησοῦς
404 1233 464 1289 δε
503 1238 797 1298 πιστεύσας
837 1228 919 1298 οἷς
958 1238 1167 1303 ἔλεγον,
1208 1235 1280 1296 ὡς
1319 1234 1420 1287 οὐκ
1458 1230 1570 1286 εἶεν
1611 1241 1709 1285 τοῦ
1744 1235 1850 1283 Χα-

161 1328 407 1377 ναναίων
459 1327 692 1392 ε’θνους,
745 1334 981 1377 ποιεῖται
1036 1326 1171 1391 πρὸς
1226 1323 1427 1384 αὐτοὺς
1481 1325 1706 1390 φιλίαν,
1761 1318 1852 1372 καὶ

154 1410 469 1483 Ἐλεάζαρος
520 1414 548 1466 ὁ
600 1412 884 1483 ἀρχιερεὺς
939 1413 1069 1480 μετὰ
1124 1419 1218 1479 τῆς
1272 1413 1561 1480 γερουσίας
1616 1412 1851 1477 ὄμνυσιν
1877 1472 1919 1480 W

93 1517 134 1550 15
160 1500 301 1564 ἕξειν
347 1521 402 1553 τε
443 1504 640 1571 φίλους
686 1499 775 1553 καὶ
824 1501 1167 1570 συμμάχους,
1215 1498 1306 1551 καὶ
1346 1496 1518 1567 μηδὲν
1559 1499 1852 1567 μοχλεύσε-

161 1595 295 1641 σθαι
335 1588 450 1642 κατ’
491 1591 671 1643 αὐτῶν
705 1591 919 1657 ἄδικον,
958 1599 1070 1651 τοῖς
1110 1588 1294 1657 ὅρκοις
1335 1585 1852 1649 ἐπισυναινέσαντος

161 1687 259 1731 τοῦ
298 1682 564 1747 πλήθους.
644 1679 787 1746 (56)
829 1676 919 1730 καὶ
967 1680 1024 1730 οἳ
1067 1674 1167 1745 μὲν
1215 1672 1292 1728 ὧν
1339 1678 1547 1744 ἤθελον
1594 1678 1852 1744 τυχόντες

162 1766 590 1835 ἐξαπατήσαντες
644 1766 859 1835 ἀπῇσαν
906 1768 1041 1834 πρὸς
1089 1763 1337 1826 ἑαυτούς·
1394 1763 1604 1832 Ἰησοῦς
1652 1762 1712 1816 δὲ
1759 1772 1854 1832 τῆς

163 1857 476 1917 Χαναναίας
524 1856 854 1924 στρατεύσας
900 1856 977 1916 εἰς
1022 1855 1122 1922 τὴν
1162 1853 1471 1921 ὑπώρειαν,
1522 1851 1611 1905 καὶ
1652 1853 1851 1921 μαθὼν

94 1959 136 1991 ‘20
162 1943 228 1996 οὐ
273 1945 461 2013 πόρρω
509 1951 619 1995 τῶν
658 1940 1059 2011 Ἱεροσολύμων
1106 1944 1234 2003 τοὺς
1282 1943 1635 2009 Γαβαωνίτας
1682 1961 1855 2013 κατῳ-

159 2029 430 2100 κημένους
469 2029 558 2083 καὶ
598 2039 696 2083 τοῦ
730 2029 925 2098 γένους
966 2033 1126 2092 ὄντας
1165 2039 1274 2082 τῶν
1308 2032 1654 2097 Χαναναίων,
1697 2049 1851 2082 ιιετα-

1695 2076 1704 2097 Ι

159 2120 511 2188 πεμψάμενος
567 2120 748 2172 αὐτῶν
796 2122 922 2182 τοὺς
975 2119 1034 2172 ἐν
1085 2117 1226 2171 τέλει
1273 2125 1366 2186 τῆς
1412 2117 1617 2186 ἀπάτης
1667 2119 1853 2180 αὐτοῖς

162 2207 418 2260 ἐνεκάλει.
497 2208 641 2275 <57>
683 2218 792 2260 τῶν
834 2206 882 2260 δ’
931 2208 1031 2260 οὐκ
1070 2209 1244 2275 ἄλλην
1285 2206 1540 2275 ἀφορμὴν
1582 2209 1852 2274 σωτηρίας

161 2298 305 2364 ἔχειν
338 2295 370 2363 ἢ
403 2296 606 2362 ταύτην
639 2294 1148 2364 προφασιζομένων,
1188 2293 1278 2346 καὶ
1318 2296 1408 2347 διὰ
1448 2292 1593 2347 τοῦτ’
1635 2292 1714 2346 ἐπ’
1756 2295 1852 2346 αὐ-

95 2398 136 2430 25
162 2384 261 2451 τὴν
318 2382 369 2446 ἐξ
427 2382 667 2451 ἀνάγκης
718 2393 1083 2451 καταφυγεῖν,
1139 2387 1404 2450 συγκαλεῖ
1451 2385 1547 2435 τὸν
1598 2381 1851 2453 ἀρχιερέα

155 2469 478 2539 Ἐλεάζαρον
526 2470 617 2523 καὶ
664 2473 763 2539 τὴν
812 2475 1134 2540 γερουσίαν,
1184 2471 1272 2523 καὶ
1315 2474 1612 2539 δημοσίους
1652 2471 1852 2533 αὐτοὺς

164 2548 531 2612 δικαιούντων
578 2569 758 2612 ποιεῖν
807 2558 893 2612 ἐπὶ
941 2568 1013 2631 τῷ
1064 2562 1135 2628 μὴ
1176 2563 1488 2630 παραβῆναι
1528 2561 1623 2612 τὸν
1664 2559 1850 2628 ὅρκον,

165 2647 558 2700 ἀποδείκνυσιν
599 2644 740 2699 εἶναι
780 2649 1077 2709 τοιούτους.

275 2736 415 2803 (58)
455 2732 545 2785 καὶ
585 2737 642 2787 οἳ
677 2732 777 2803 μὲν
816 2743 909 2803 τῆς
948 2738 1359 2805 καταλαβούσης
1399 2737 1600 2798 αὐτοὺς
1639 2751 1851 2805 συμφο-

96 2839 139 2870 30
164 2831 262 2892 ρᾶς
300 2825 559 2890 τοιαύτην
598 2826 852 2892 φυλακὴν
883 2822 973 2876 καὶ
1006 2824 1308 2893 ἀσφάλειαν
1348 2825 1607 2894 ηὕροντο·
1648 2834 1746 2878 τοῦ
1787 2822 1848 2877 δὲ
1883 2841 1936 2880 17

282 2928 304 2977 ξ
339 2929 393 2967 54
420 2946 474 2960 =
498 2923 585 2967 ῙΟΞ.
618 2923 681 2965 IX
713 2928 751 2967 9,
