2052 3141
148 257 173 295 6

206 109 313 161 226
819 111 1272 153 ΑΡΧΑΙοΛοΓῙΑΣ

316 244 497 311 <126>
541 243 790 305 Βάλακος
836 240 886 295 δ’
933 242 1312 311 ἀγανακτήσας
1358 242 1444 296 ἐπὶ
1491 251 1564 314 τςό
1618 245 1690 311 μὴ
1731 263 1889 296 κατα-

205 332 402 398 ράτους
426 329 686 398 γενέσθαι
718 333 846 393 τοὺς
871 328 1225 400 Ἰσραηλίτας,
1256 330 1559 399 ἀποπέμπει
1591 333 1686 384 τὸν
1711 331 1890 384 Βάλα-

205 440 309 487 μον
364 420 629 487 μηδεμιᾶς
682 426 838 486 τιμῆς
892 418 1139 482 ἀξιώσας.
1218 419 1246 472 ὃ
1287 417 1336 472 δ’
1385 419 1560 472 ἀπιὼν
1608 421 1711 487 ἤδη
1759 418 1891 471 κάπὶ

203 516 275 579 τῷ
316 515 581 576 περαιοῦν
631 508 727 559 τὸν
766 507 1069 575 Εὐφράτην
1109 510 1434 575 γενόμενος,
1482 510 1577 560 τόν
1617 527 1671 559 τε
1710 508 1890 559 Βάλα-

204 616 302 649 κον
343 596 826 664 μεταπεμψάμενος
864 594 955 648 καὶ
995 598 1121 658 τοὺς
1160 597 1427 665 ἄρχοντας
1465 604 1574 647 τῶν
1613 597 1891 647 Μαδιανι-
1915 610 1936 642 5

203 693 343 751 τῶν,
397 683 578 752 <127>
625 682 891 736 (Βάλακέ’
940 698 1076 752 φησι
1124 682 1239 735 ξκαὶ
1288 693 1396 736 τῶν
1434 685 1800 736 ,Μαδιανιτῶν
1839 683 1897 736 οἱ

201 775 467 841 παρόντες
523 770 646 841 (χρὴ
697 772 800 841 γάρ
849 791 913 840 με
960 770 1050 824 καὶ
1096 772 1242 840 παρὰ
1289 772 1558 839 βούλησιν
1605 780 1702 824 τοῦ
1751 776 1891 824 θεοῦ

202 863 535 929 χαρίσασθαι
565 858 744 930 ὑμῖν),
782 862 843 913 τὸ
884 856 984 928 μὲν
1016 857 1288 928 Ἑβραίων
1330 858 1487 926 γένος
1526 859 1626 911 οὐκ
1665 858 1734 911 ἂν
1775 860 1891 911 ὄλε-

203 954 340 1017 θρος
393 950 660 1016 παντελὴς
713 948 1045 1016 καταλάβοι,
1101 945 1216 1000 οὔτ’
1271 947 1331 999 ἐν
1385 946 1603 1019 πολέμῳ
1659 945 1772 999 οὔτ’
1829 945 1890 998 ἐν

203 1041 374 1107 λοιμῷ
409 1034 498 1088 καὶ
532 1036 724 1088 σπάνει
756 1045 866 1088 τῶν
907 1035 1012 1089 ἀπὸ
1054 1044 1151 1103 γῆς
1188 1045 1433 1103 καρπῶν,
1473 1033 1587 1088 οὔτ’
1635 1037 1770 1103 ἄλλη
1812 1055 1890 1097 τις
1915 1049 1957 1080 10

203 1126 346 1176 αι’τιά
369 1124 679 1193 παράλογος
711 1126 1070 1193 διαφθείρειε.
1125 1125 1307 1191 <128>
1337 1126 1571 1191 πρόνοια
1605 1124 1708 1190 γάρ
1742 1123 1890 1175 ἐστιν

202 1213 383 1265 αὐτῶν
430 1220 503 1283 τῷ
551 1218 666 1283 θεῷ
720 1214 910 1276 σώζειν
959 1212 1064 1265 ἀπὸ
1112 1214 1314 1274 παντὸς
1361 1220 1531 1264 κακοῦ
1580 1210 1669 1263 καὶ
1717 1208 1889 1279 μηδὲν

202 1298 282 1353 ἐπ’
330 1301 530 1362 αὐτοὺς
577 1300 730 1352 ἐᾶσαι
777 1309 1030 1353 τοιοῦτον
1077 1300 1257 1361 πάθος
1309 1299 1496 1352 ἐλθεῖν
1538 1297 1630 1367 ὑφ’
1679 1296 1746 1352 οὗ
1787 1299 1890 1352 κᾶν

202 1389 494 1442 ἀπόλοιντο
525 1390 742 1451 πάντες·
786 1387 1051 1456 συμπέσοι
1086 1386 1135 1440 δ’
1176 1387 1244 1440 ἂν
1285 1387 1469 1450 αὐτοῖς
1509 1388 1667 1454 ὀλίγα
1707 1407 1761 1439 τε
1801 1385 1889 1440 καὶ

199 1480 335 1545 πρὸς
374 1477 582 1545 ὀλίγον,
621 1474 720 1545 ὑφ’
769 1472 846 1529 ὧν
887 1483 1282 1530 ταπεινοῦσθαι
1324 1478 1617 1538 δοκοῦντες
1656 1473 1750 1529 εἶτ’
1797 1475 1890 1529 ἄν·
1917 1488 1959 1521 1⁵

199 1568 476 1633 θήσουσιν
516 1564 602 1618 ἐπὶ
634 1569 791 1637 φόβῳ
824 1575 932 1618 τῶν
973 1564 1362 1632 ἐπαγαγόντων
1403 1566 1589 1627 αὐτοῖς
1629 1566 1723 1626 τὰς
1761 1565 1890 1632 βλά-

201 1658 314 1721 βας.
391 1654 572 1721 (129)
611 1653 766 1721 ὑμεῖς
807 1652 854 1705 δ’
903 1655 954 1705 εἰ
992 1657 1148 1721 νίκην
1190 1655 1311 1706 τινὰ
1352 1656 1486 1720 πρὸς
1525 1655 1736 1722 βραχὺν
1776 1673 1888 1704 και-

201 1746 300 1808 ρὸν
351 1739 465 1794 κατ’
512 1743 693 1794 αὐτῶν
741 1743 1004 1810 κερδᾶναι
1055 1748 1309 1809 ποθεῖτε,
1367 1739 1568 1811 τύχοιτ’
1617 1741 1684 1792 ἂν
1725 1741 1890 1808 αὐτῆς

201 1838 366 1882 ταῦτα
398 1834 736 1898 ποιήσαντες.
814 1839 923 1882 τῶν
953 1829 1279 1897 θυγατέρων
1314 1832 1405 1892 τὰς
1444 1827 1659 1898 μάλιστ’
1698 1829 1889 1895 εὐπρε-

198 1928 315 1981 πεῖς
376 1918 465 1971 καὶ
519 1919 820 1986 βιάσασθαι
875 1917 965 1970 καὶ
1020 1926 1238 1985 νικῆσαι
1294 1921 1393 1985 τὴν
1457 1927 1564 1969 τῶν
1629 1918 1956 1984 ὁρώντωνὲθ

200 2009 569 2076 σωφροσύνην
621 2008 809 2068 ι’κανὰς
858 2008 948 2058 διὰ
1005 2009 1063 2059 τὸ
1112 2007 1338 2068 κάλλος.
1401 2006 1736 2073 ἀσκήσαντες
1791 2007 1888 2071 τὴν

199 2096 504 2163 εὐμορφίαν
552 2095 733 2147 αὐτῶν
782 2094 869 2147 ἐπὶ
925 2097 983 2147 τὸ
1033 2099 1241 2162 μᾶλλον
1293 2093 1590 2160 εὐπρεπές,
1646 2091 1886 2160 πέμψατε

198 2187 430 2251 πλησίον
480 2182 740 2252 ἐσομένας
787 2192 884 2236 τοῦ
924 2182 1150 2236 ἐκείνων
1192 2181 1591 2250 στρατοπέδου,
1640 2179 1727 2233 καὶ
1769 2183 1884 2233 δεο-

199 2271 384 2339 μένοις
417 2281 665 2324 συνεῐναι
700 2280 812 2333 τοῖς
841 2274 1078 2332 νεανίαις
1103 2270 1284 2322 αὐτῶν
1310 2271 1659 2336 προστάξατε.
1708 2270 1887 2333 (130)

199 2359 420 2412 ἐπειδὰν
448 2357 506 2411 δὲ
532 2357 959 2428 κεχειρωμένους
1000 2359 1169 2425 ὁρῶσι.
1205 2369 1319 2420 ταῖς
1352 2358 1689 2425 ἐπιθυμίαις,
1730 2377 1886 2408 κατα-
1911 2370 1952 2400 2⁵

198 2447 532 2513 λιπέτωσαν,
595 2447 683 2500 καὶ
737 2449 1203 2515 παρακαλούντων
1260 2446 1444 2514 μένειν
1494 2448 1567 2513 μὴ
1620 2448 1886 2512 πρότερον

198 2537 659 2598 ἐπινευσάτωσαν,
704 2534 834 2602 πρὶν
873 2535 941 2588 ἂν
972 2539 1234 2588 πείσωσιν
1268 2535 1466 2595 αὐτοὺς
1497 2532 1730 2600 ἀφέντας
1762 2535 1887 2594 τοὺς

196 2629 458 2693 πατρίους
504 2627 709 2692 νόμους
758 2623 846 2675 καὶ
889 2626 984 2676 τὸν
1032 2626 1258 2685 τούτους
1306 2623 1492 2683 αὐτοῖς
1532 2620 1769 2689 θέμενον
1812 2640 1882 2671 τι-

197 2720 304 2779 μᾶν
354 2715 488 2765 θεὸν
536 2715 662 2774 τοὺς
707 2715 1067 2764 ,Μαδιανιτῶν
1114 2710 1199 2763 καὶ
1246 2714 1563 2777 ,Μωαβιτῶν
1606 2706 1881 2775 σε’βωσιν.’

197 2801 338 2852 οὕτω
381 2802 482 2868 γὰρ
523 2801 706 2862 αὐτοῖς
745 2802 840 2852 τὸν
883 2802 1017 2852 θεὸν
1057 2800 1507 2867 ὀργισθήσεσθαι.
1901 2809 1944 2840 2³0

316 2906 338 2950 ξ
375 2907 458 2943 126
490 2923 540 2937 —--
569 2900 701 2942 Num.
739 2899 885 2942 XXIV
926 2907 989 2943 11.
