2052 3141
198 103 306 156 238
322 122 337 136 ·
805 105 1259 146 ΑΡΧΑΙΟΛΟΓῙΑΣ

198 239 466 308 ἄρχεσθαι
498 242 674 299 καλῶς
705 238 912 299 εἰδότες
942 235 1034 289 καὶ
1071 238 1259 306 ἄρχειν
1299 243 1540 291 εἴσονται
1578 241 1888 307 παρελθόν-

199 346 284 388 τες
324 328 401 388 εἰς
442 325 696 388 ἐξουσίαν
729 325 920 392 αὐτοῦ,
958 328 1058 393 τήν
1098 323 1144 377 τ’
1184 325 1510 395 ἐλευθερίαν
1549 327 1775 395 ἡγεῖσθε
1814 328 1888 395 μὴ

200 416 258 466 τὸ
300 422 774 482 προσαγανακτεῖν
822 406 903 475 οἷς
942 412 1011 465 ἂν
1060 413 1201 481 ὑμᾶς
1241 415 1299 467 οἱ
1332 414 1594 483 ἡγεμόνες
1632 415 1889 480 πράττειν

201 502 440 565 ἀξιῶσιν.
518 502 699 569 (187)
745 509 852 553 νῦν
901 498 1001 569 μὲν
1055 501 1159 568 γὰρ
1209 501 1269 554 ἐν
1315 509 1389 572 τῷ
1439 504 1568 565 τοὺς
1606 502 1891 570 εὐεργέτας

198 590 466 658 ὑβρίζειν,
515 589 575 642 ἐν
614 590 790 660 τούτῳ
829 590 929 656 τὴν
967 592 1278 657 παρρησίαν
1319 593 1570 642 τίθεσθε·
1613 591 1641 642 ὃ
1682 592 1750 658 δὴ
1791 599 1890 644 τοῦ

197 682 394 732 λοιποῦ
433 675 865 747 φυλαττομένοις
895 676 1030 744 ὑμῖν
1069 677 1299 744 ἄμεινον
1339 677 1444 740 εξει
1485 680 1548 730 τὰ
1587 679 1888 746 πράγματα·

199 767 380 835 <188>
420 763 557 834 μηδε
597 767 697 833 τὴν
747 771 872 833 ἴσην
913 763 1000 817 ἐπὶ
1050 767 1264 828 τούτοις
1304 766 1476 834 ὀργήν
1514 785 1642 819 ποτε
1684 767 1890 835 λαμβά-

173 852 334 922 νετε,
378 849 409 924 ἧ
442 852 555 906 κατ’
598 853 732 922 ἐμοῦ
765 853 1026 916 πολλακις
1059 853 1388 923 ἐτολμήσατε
1423 860 1685 923 χρῆσθαι·
1727 855 1889 922 γινώ-

198 957 349 995 σκετε
396 944 499 1011 γὰρ
550 944 622 1004 ὡς
669 943 959 1004 πλεονάκις
1008 941 1370 995 ἐκινδύνευσα
1420 940 1514 1011 ὑφ’
1564 943 1717 1010 ὑμῶν
1756 942 1889 996 ἀπο-

197 1036 396 1084 θανεῖν
445 1031 476 1099 ἢ
525 1031 631 1084 ὑπὸ
686 1040 796 1083 τῶν
851 1034 1142 1098 πολεμίων.
1230 1032 1411 1098 (189)
1462 1039 1630 1084 ταῦτα
1683 1027 1732 1082 δ’
1788 1030 1888 1083 οὐκ

198 1119 482 1183 ὀνειδίζων
536 1120 677 1188 ὑμᾶς
726 1117 1053 1186 προυθέμην
1101 1119 1191 1188 (οὐ
1241 1120 1344 1186 γὰρ
1402 1116 1482 1170 ἐπ’
1541 1118 1735 1181 ἐξόδου
1790 1128 1889 1173 τοῦ

200 1211 292 1276 ζῆν
346 1210 810 1277 δυσχεραίνοντας
860 1211 1176 1259 καταλιπεῖν
1229 1207 1416 1274 ἠξίουν
1463 1209 1540 1268 εἰς
1579 1207 1888 1275 ἀνάμνησιν

197 1295 415 1365 φέρων,
470 1293 607 1364 μηδὲ
654 1293 781 1362 παρ’
831 1294 895 1346 ὃν
943 1297 1180 1364 ἔπασχον
1229 1295 1364 1346 αὐτὰ
1417 1297 1609 1362 καιρὸν
1650 1294 1710 1347 ἐν
1751 1295 1887 1365 ὀργῇ

199 1382 516 1452 γενόμενος)
573 1381 690 1435 ἀλλ’
739 1383 876 1434 ὥστε
927 1390 1025 1435 τοῦ
1078 1385 1460 1451 σωφρονήσειν
1513 1382 1650 1450 ὑμᾶς
1700 1385 1778 1446 είς
1827 1386 1887 1437 τὸ

199 1472 400 1540 μέλλον
440 1468 556 1524 κατ’
604 1471 738 1523 αὐτό
788 1489 846 1537 γε
889 1467 1034 1523 τοῦτ’
1083 1468 1321 1538 ἀσφαλὲς
1361 1467 1531 1537 εἶναι,
1587 1470 1673 1523 καὶ
1714 1470 1889 1539 μηδὲν

199 1562 276 1622 εἰς
316 1563 444 1622 τοὺς
481 1562 880 1626 προεστηκότας
914 1558 1194 1626 ἐξυβρίσαι
1230 1560 1320 1611 διὰ
1359 1564 1621 1625 πλοῦτον,
1662 1558 1720 1620 ὃς
1758 1559 1891 1627 ὑμῖν

198 1651 371 1712 πολὺς
410 1650 634 1716 διαβᾶσι
674 1650 770 1700 τὸν
807 1645 1096 1715 Ἰορδάνην
1137 1647 1226 1699 καὶ
1268 1650 1366 1715 τὴν
1411 1651 1729 1699 Χαναναίαν
1769 1668 1894 1716 κτη-

201 1736 459 1805 σαμένοις
476 1739 874 1804 περιστήσεται,
915 1737 1095 1802 <19Ο>
1115 1734 1225 1788 ἐπεὶ
1245 1735 1618 1804 προαχθέντες
1634 1738 1711 1798 εἰς
1734 1756 1892 1789 κατα-

199 1828 473 1893 φρόνησιν
493 1823 582 1877 ὑπ’
641 1825 810 1877 αὐτοῦ
836 1822 923 1875 καὶ
952 1832 1044 1891 τῆς
1071 1823 1261 1891 ἀρετῆς
1286 1824 1603 1891 ὀλιγωρίαν,
1643 1824 1891 1877 ἀπολεῖτε

198 1913 288 1966 καὶ
322 1915 420 1981 τὴν
447 1914 672 1965 εὔνοιαν
699 1914 798 1979 τὴν
831 1913 975 1978 παρὰ
1001 1921 1098 1964 τοῦ
1124 1918 1277 1964 θεοῦ.
1334 1915 1658 1977 ποιήσαντες
1684 1910 1743 1965 δὲ
1771 1920 1891 1965 τοῦ·

201 2023 297 2055 τον
350 2002 581 2070 ἐχθρόν,
634 2003 732 2067 τήν
782 2020 834 2052 τε
889 2009 1023 2068 γῆν,
1074 2001 1139 2066 ἢν
1180 2004 1477 2067 κτήσεσθε,
1530 2001 1894 2068 κρατηθέντες

202 2091 390 2152 ὅπλοις
422 2087 513 2141 ὑπ’
554 2089 735 2141 αὐτῶν
770 2084 934 2149 αὖθις
967 2088 1415 2156 ἀφαιρεθήσεσθε
1450 2090 1581 2157 μετά
1621 2094 1892 2156 μεγίστων

202 2179 461 2238 ὀνειδῶν,
508 2175 598 2228 καὶ
640 2175 1036 2237 σκεδασθέντες
1077 2178 1166 2228 διὰ
1215 2184 1306 2243 τῆς
1347 2176 1672 2244 οἰκουμένης
1711 2186 1892 2231 πᾶσαν

201 2266 496 2334 ἐμπλήσετε
540 2267 639 2332 τὴν
682 2273 789 2331 γῆν
821 2266 910 2315 καὶ
951 2265 1231 2316 θάλατταν
1271 2273 1363 2331 τῆς
1404 2265 1583 2316 αὐτῶν
1625 2270 1891 2329 δουλείας.

201 2356 382 2421 <191>
417 2356 564 2405 ἔσται
599 2349 647 2404 δ’
680 2352 811 2419 ὑμῖν
846 2353 1056 2404 τούτων
1095 2362 1291 2419 πεῖραν
1333 2355 1710 2420 λαμβάνουσιν
1751 2354 1888 2406 ἀνω-

201 2444 371 2510 φελὴς
409 2442 441 2508 ἡ
483 2441 742 2508 μετάνοια
781 2439 870 2492 καὶ
920 2440 949 2506 ἡ
999 2450 1108 2491 τῶν
1156 2441 1222 2493 οὐ
1263 2441 1664 2509 φυλαχθέντων
1706 2445 1891 2509 νόμων

203 2531 520 2598 ἀνάμνησις.
599 2530 736 2581 ὅθεν
792 2531 841 2580 εἰ
886 2530 1184 2596 βούλοισθε
1236 2531 1464 2590 τούτους
1518 2530 1645 2597 ὑμῖν
1686 2529 1891 2597 μένειν,

204 2629 312 2671 τῶν
362 2621 640 2686 πολεμίων
695 2616 934 2685 μηδένας
985 2617 1327 2684 ὑπολίπησθε
1382 2622 1745 2685 κρατήσαντες
1794 2619 1891 2670 αι’·-

205 2717 339 2768 τῶν,
387 2706 524 2758 ἀλλά
571 2706 775 2766 πάντας
815 2705 1120 2758 ἀπολλύναι
1160 2709 1377 2771 κρίνατε
1421 2706 1752 2773 συμφέρειν,
1799 2707 1890 2757 ἵνα

1914 1045 1956 1078 10

1916 1486 1956 1518 15

1919 1928 1961 1960 20

1917 2369 1959 2401 25

205 2797 276 2861 μὴ
320 2797 536 2858 ζώντων
576 2794 1050 2861 παραγευσάμενοι
1101 2801 1192 2860 τῆς
1233 2793 1458 2846 ἐκείνων
1500 2794 1891 2861 ἐπιτηδεύσεως
1915 2808 1958 2840 ³0

325 2900 347 2946 ς’
385 2900 467 2938 190
494 2916 546 2930 --
576 2894 759 2937 Denter.
797 2893 854 2935 IV
889 2899 941 2936 26
