2052 3141
831 84 1106 125 TETAPTH
1704 78 1812 130 247

123 241 239 290 χυς,
280 218 508 272 ἀποδεῖν
545 219 610 271 τὰ
651 220 889 285 στόματα
922 214 1010 269 ἐπὶ
1049 224 1142 284 τῆς
1183 216 1378 278 ἅλωος·
1422 215 1487 268 οὐ
1528 214 1631 283 γὰρ
1674 209 1814 265 εἶναι

133 310 340 361 δίκαιον
380 312 586 377 εἴργειν
624 308 753 368 τοὺς
795 302 1295 374 συνειργασμένους
1333 311 1432 357 τοῦ
1472 310 1685 372 καρποῦ
1724 300 1815 354 καὶ

130 395 246 465 περὶ
277 397 378 464 τὴν
410 393 632 463 γένεσιν
667 394 839 447 αὐτοῦ
871 395 1231 461 πονήσαντας.
1309 393 1489 459 <234>
1515 389 1639 460 μηδ’
1674 390 1814 443 ὀπώ-

127 501 220 550 ρας
256 482 601 552 ἀκμαζούσης
647 483 881 535 κωλύειν
929 482 1198 534 ἅπτεσθαι
1244 483 1372 543 τοὺς
1411 481 1522 551 ὁδῷ
1563 481 1813 548 βαδίζον-

84 582 103 615 5
129 588 248 637 τας,
290 569 407 624 ἀλλ’
455 572 527 634 ὡς
576 569 628 634 ἐξ
679 572 897 623 οἰκείων
938 570 1124 631 αὐτοῖς
1164 567 1469 638 ἐπιτρέπειν
1511 567 1813 636 ἐμπίμπλα-

127 663 290 726 σθαι,
331 659 435 712 κᾶν
483 659 737 730 ἐγχώριοι
784 658 1094 727 τυγχάνωσι
1140 657 1244 710 κᾶν
1292 655 1471 724 ξένοι,
1523 659 1812 725 χαίροντας

126 744 212 798 ἐπὶ
252 753 324 816 τςό
361 757 662 818 παρασχεῖν
709 747 894 809 αὐτοῖς
940 756 1050 799 τῶν
1105 747 1321 815 ὡραίων
1362 744 1811 814 μεταλαμβάνειν.

124 832 498 903 ἀποφέρεσθαι
561 834 609 888 δ’
672 836 858 897 αὐτοῖς
915 832 1087 902 μηδὲν
1143 833 1352 897 ἐξέστω.
1442 834 1622 900 <235>
1676 828 1812 900 μηδὲ

122 930 426 990 τρυγῶντες
471 919 547 975 ὧν
597 923 665 975 ἂν
712 924 790 985 εἰς
837 923 930 984 τὰς
978 925 1181 990 ληνοὺς
1228 924 1522 989 κομίζωσιν
1562 919 1811 989 εἰργέτω-

58 1024 99 1056 10
125 1022 229 1062 σαν
254 1013 382 1073 τοὺς
405 1011 833 1075 ὑπαντιάζοντας
859 1010 1170 1063 ἀπεσθίειν·
1212 1011 1406 1062 ἄδικον
1433 1010 1535 1077 γὰρ
1563 1008 1811 1076 ἀγαθῶν,

122 1098 155 1150 ἃ
202 1100 337 1151 κατὰ
384 1100 651 1168 βούλησιν
698 1104 838 1151 θεοῦ
885 1102 1172 1167 παρῆλθεν
1220 1098 1297 1159 εἰς
1334 1099 1430 1150 τὸν
1470 1099 1621 1165 βίον,
1667 1101 1811 1165 φθο-

120 1196 240 1239 νεῖν
272 1196 386 1249 τοῖς
417 1187 785 1256 ἐπιθυμοῦσιν
820 1187 1000 1238 αὐτῶν
1040 1185 1496 1254 μεταλαμβάνειν,
1534 1192 1629 1252 τῆς
1669 1185 1811 1253 ὥρας

121 1272 181 1326 ἐν
223 1273 363 1344 ἀκμῇ
404 1273 448 1327 τ’
490 1276 656 1344 οὔσης
695 1273 785 1327 καὶ
827 1275 1172 1341 σπευδούσης
1211 1273 1493 1340 ἀπελθεῖν,
1533 1273 1713 1340 <236>
1739 1273 1810 1334 ὡς

119 1370 192 1434 τςό
234 1368 349 1434 θεῷ
402 1361 795 1433 κεχαρισμένον
848 1364 942 1430 ὄν,
994 1364 1044 1414 εἰ
1081 1360 1171 1413 καὶ
1219 1359 1310 1413 ὑπ’
1359 1362 1619 1430 αἰσχύνης
1657 1362 1809 1423 τινὰς

53 1463 94 1496 15
119 1450 420 1514 ὀκνοῦντας
474 1453 722 1515 ἅψασθαι
781 1454 970 1519 λαβεῖν
1034 1454 1435 1519 παρακαλοῖεν,
1496 1451 1655 1511 ὄντας
1709 1447 1807 1517 μὲν

111 1535 446 1608 Ἰσραηλίτας
493 1541 565 1602 ὡς
610 1542 914 1601 κοινωνοὺς
961 1538 1050 1591 καὶ
1101 1539 1365 1599 δεσπότας
1407 1538 1497 1589 διὰ
1537 1539 1636 1605 τὴν
1678 1552 1807 1605 συγ-

116 1625 361 1695 γένειαν,
414 1626 750 1696 ἀφιγμένους
792 1625 840 1678 δ’
889 1625 1199 1696 ἀλλαχόθεν
1241 1625 1572 1695 ἀνθρώπους
1612 1624 1806 1688 ξενίων

115 1716 407 1785 τυγχάνειν
462 1715 781 1783 ἀξιοῦντας,
837 1710 914 1768 ὧν
966 1715 993 1768 ὁ
1045 1716 1175 1776 θεὸς
1230 1712 1356 1766 καθ’
1418 1714 1566 1783 ὥραν
1621 1714 1807 1776 αὐτοῖς

113 1802 398 1874 παρέσχεν.
475 1804 656 1871 (237)
681 1802 1008 1871 ἀναλώματα
1040 1804 1142 1871 γὰρ
1177 1802 1275 1872 οὐχ
1314 1800 1546 1870 ἡγητέον
1587 1802 1688 1855 ὅσα
1726 1822 1808 1866 τις

47 1904 92 1937 20
114 1893 248 1945 κατὰ
287 1895 624 1961 χρηστότητα
662 1894 923 1960 παρίησιν
977 1890 1294 1960 ἀνθρώποις
1333 1891 1658 1958 λαμβάνειν,
1706 1900 1804 1945 τοῦ

112 1986 252 2034 θεοῦ
292 1982 392 2049 τὴν
433 1980 714 2049 ἀφθονίαν
754 1988 863 2032 τῶν
905 1978 1133 2046 ἀγαθῶν
1166 1986 1535 2047 χορηγοῦντος
1575 1979 1676 2031 οὐκ
1716 1978 1803 2032 ἐπὶ

113 2076 186 2141 τῷ
228 2074 578 2139 καρποῦσθαι
611 2070 816 2136 μόνους
849 2067 986 2120 ἀλλὰ
1026 2066 1114 2120 καὶ
1154 2075 1226 2138 τῷ
1268 2076 1381 2129 τοῖς
1420 2068 1606 2129 ἄλλοις
1645 2087 1803 2136 μετα-

115 2160 333 2211 διδόναι
381 2160 708 2226 φιλοτίμως,
758 2155 848 2208 καὶ
896 2154 1240 2224 βουλομένου
1291 2163 1363 2227 τῷ
1406 2158 1587 2227 τρόπῳ
1626 2158 1801 2228 τούτῳ

113 2248 212 2314 τὴν
255 2247 403 2297 ἰδίαν
442 2242 566 2312 περὶ
606 2245 701 2296 τὸν
735 2241 1086 2312 Ἰσραηλιτῶν
1135 2243 1270 2294 λαὸν
1309 2242 1533 2294 εὔνοιαν
1572 2240 1661 2294 καὶ
1700 2244 1800 2311 τὴν

47 2343 91 2376 25
114 2337 378 2405 χορηγίαν
402 2341 496 2400 τῆς
520 2331 872 2399 εὐδαιμονίας
903 2329 993 2383 καὶ
1025 2340 1138 2392 τοῖς
1170 2331 1356 2391 ἄλλοις
1389 2329 1800 2399 ἐμφανίζεσθαι,

113 2423 171 2476 ἐκ
210 2426 420 2476 πολλοῦ
466 2428 564 2473 τοῦ
611 2422 895 2488 περιόντος
945 2418 1128 2480 αὐτοῖς
1168 2417 1440 2480 κάκείνοις
1477 2420 1800 2486 μεταδιδόν-

110 2532 237 2565 των.
313 2509 495 2577 <238>
523 2508 574 2561 ’ὁ
629 2504 689 2559 δὲ
738 2508 884 2576 παρὰ
937 2516 1106 2560 ταῦτα
1160 2509 1391 2575 ποιήσας
1443 2508 1651 2575 πληγὰς
1701 2516 1800 2578 μιᾷ

111 2599 403 2660 λειπούσας
440 2597 833 2666 τετταράκοντα
872 2603 944 2667 τςό
988 2597 1233 2668 δημοσίω
1275 2596 1457 2647 σκύτει
1497 2596 1683 2663 λαβὼν
1721 2615 1798 2649 τι-

112 2691 323 2757 μωρίαν
374 2686 577 2754 ταύτην
632 2687 914 2754 αἰσχίστην
967 2683 1259 2752 ἐλεύθερος
1311 2682 1658 2752 ὑπομενέτω,
1714 2685 1797 2737 ὅτι

227 2807 251 2856 ξ
285 2807 371 2846 233
398 2823 454 2837 =
477 2801 664 2846 Denter.
703 2800 830 2843 XXV
870 2806 909 2843 4.
1070 2804 1093 2852 ξ
1129 2804 1214 2842 234
1241 2821 1295 2834 =
1321 2799 1508 2844 Denter.
1542 2799 1692 2843 XXIV
1724 2805 1793 2846 21.

109 2882 133 2931 ξ
166 2883 251 2922 237
280 2898 333 2913 =
359 2875 545 2919 Denter.
580 2873 728 2917 XXIV
763 2879 829 2918 19.
953 2878 977 2927 ξ
1010 2878 1096 2918 238
1123 2896 1178 2910 =
1202 2873 1388 2917 Denter.
1420 2873 1550 2917 XXV
1582 2879 1621 2918 3.
