2052 3141
834 130 1110 170 AETTEPA
1712 129 1737 179 1
1750 129 1816 180 13

126 264 291 318 θέσεσι
322 266 383 318 τὸ
415 265 659 331 παιδίον,
699 261 788 314 καὶ
822 263 955 315 κατὰ
987 271 1086 316 τοῦ
1118 272 1367 331 ποταμοῦ
1407 265 1668 331 βαλόντες
1707 267 1817 316 εἴα-

128 369 232 406 σαν
273 351 360 406 ἐπὶ
397 359 472 423 τῷ
521 357 635 423 θεῷ
684 352 785 419 τὴν
837 354 1111 419 σωτηρίαν
1151 351 1336 403 αὐτοῦ.
1415 349 1505 402 καὶ
1544 353 1604 403 τὸ
1646 347 1747 418 μὲν
1787 351 1815 403 ὁ

125 443 366 510 ποταμὸς
402 440 739 510 παραλαβὼν
788 442 972 508 ἔφερε,
1018 440 1326 509 ΝΙαριάμμη
1378 436 1438 491 δὲ
1485 447 1584 492 τοῦ
1623 439 1818 500 παιδὸς

126 530 338 598 ἀδελφὴ
392 533 756 581 κελευσθεῖσα
824 528 931 580 ὑπὸ
996 536 1089 596 τῆς
1151 530 1353 597 μητρὸς
1415 523 1816 597 ἀντιπαρεξῄει,

80 618 252 670 ὃὸποι
292 620 604 687 φερόμενον
652 620 886 686 χωρήσει
936 615 1180 685 ὀψομένη
1230 619 1289 669 τὸ
1329 614 1556 684 πλέγμα.
1634 615 1816 683 <222>

126 709 266 760 ἔνθα
305 704 394 758 καὶ
436 704 700 768 διέδειξεν
733 706 761 759 ὁ
794 707 926 767 θεὸς
966 702 1138 774 μηδὲν
1178 702 1278 773 μὲν
1317 707 1417 773 τὴν
1459 704 1816 773 ἀνθρωπείαν

126 795 352 846 σύνεσιν
395 789 637 864 (οὖσαν),
677 802 787 847 πᾶν
828 791 877 845 δ’
925 793 953 845 ὅ
993 814 1044 846 τι
1085 792 1174 845 καὶ
1214 796 1517 861 βουληθείη
1559 793 1815 862 πράττειν

124 883 287 944 αὐτὸς
332 880 522 944 τέλους
568 881 786 949 ἀγαθοῦ
835 883 1142 951 τυγχάνον,
1204 881 1294 934 καὶ
1346 881 1816 951 διαμαρτάνοντας

124 967 224 1038 μὲν
270 972 398 1032 τοὺς
444 967 580 1039 ὑπὲρ
632 971 774 1032 ίδιάς
825 969 1122 1039 ἀσφαλείας
1162 971 1345 1022 ἄλλων
1386 973 1816 1038 κατακρίναντας

58 1074 99 1105 10
125 1060 363 1127 ὄλεθρον
417 1056 508 1110 καὶ
554 1063 728 1127 πολλῇ
777 1057 901 1126 περὶ
947 1066 1108 1111 τοῦτο
1157 1056 1534 1127 χρησαμένους
1583 1057 1816 1124 σπουδῇ,

125 1145 468 1215 σωζομένους
522 1144 571 1198 δ’
637 1146 694 1198 ἐκ
749 1146 1065 1214 παραδόξου
1129 1144 1217 1198 καὶ
1277 1146 1476 1214 σχεδὸν
1533 1144 1590 1197 ἐκ
1645 1142 1815 1212 μέσου

123 1244 233 1288 τῶν
273 1245 455 1288 κακῶν
495 1234 921 1306 εὑρισκομένους
968 1236 1069 1302 τὴν
1117 1234 1420 1303 εὐπραγίαν
1460 1236 1588 1295 τοὺς
1628 1234 1816 1285 κινδυ-

123 1325 388 1386 νεύοντας
419 1332 480 1393 τῇ
514 1333 612 1377 τοῦ
644 1329 784 1376 θεοῦ
817 1325 1024 1393 γνώμῃ.
1102 1324 1284 1390 <223>
1361 1330 1578 1375 τοιοῦτο
1620 1322 1723 1391 γάρ
1764 1341 1816 1373 τι

124 1410 214 1464 καὶ
261 1410 385 1481 περὶ
433 1414 529 1464 τὸν
576 1413 745 1464 παῖδα
791 1420 989 1464 τοῦτον
1037 1413 1339 1478 γενόμενον
1388 1410 1668 1479 ἐμφανίζει
1715 1411 1816 1478 τὴν

59 1512 101 1545 15
127 1502 287 1570 ι’σχὺν
326 1509 425 1554 τοῦ
464 1505 619 1565 θεοῦ.

235 1589 415 1656 <224>
450 1587 763 1657 Θέρμουθις
796 1585 863 1655 ἦν
895 1588 1147 1656 θυγάτηρ
1190 1595 1288 1640 τοῦ
1328 1585 1608 1655 βασιλέως.
1678 1586 1812 1654 αὕτη

122 1680 388 1741 παίζουσα
419 1678 565 1747 παρὰ
598 1677 691 1738 τὰς
724 1674 890 1745 ᾐόνας
929 1685 1027 1729 τοῦ
1066 1685 1334 1745 ποταμοῦ,
1374 1674 1464 1728 καὶ
1504 1678 1815 1745 φερόμενον

123 1766 230 1819 ὑπὸ
270 1774 368 1818 τοῦ
417 1765 684 1834 ῥεύματος
729 1763 1044 1832 θεασαμένη
1086 1766 1145 1817 τὸ
1185 1763 1428 1833 πλέγμα,
1466 1765 1817 1832 κολυμβητὰς

124 1852 435 1922 ἐπιπέμπει,
484 1854 784 1905 κελεύσασα
831 1854 930 1920 τὴν
977 1854 1190 1905 κοιτίδα
1237 1855 1372 1921 πρὸς
1421 1851 1620 1920 ἑαυτὴν
1662 1852 1812 1904 ἐκκο-

57 1956 100 1986 20
124 1945 291 2010 μίσαι.
368 1939 831 2011 παραγενομένων
881 1938 942 1993 δὲ
988 1951 1098 1994 τῶν
1151 1940 1238 1993 ἐπὶ
1278 1950 1439 1994 τοῦτο
1482 1940 1814 2009 σταλέντων,

123 2032 256 2099 μετὰ
316 2038 409 2098 τῆς
470 2032 710 2092 κοιτίδος
773 2031 970 2083 ἰδοῦσα
1031 2033 1091 2083 τὸ
1147 2032 1373 2083 παιδίον
1427 2030 1814 2099 ὑπερηγάπησε

123 2117 396 2186 μεγέθους
443 2118 600 2172 ἕνεκά
646 2138 702 2171 τε
749 2117 838 2171 καὶ
885 2119 1134 2180 κάλλους.
1212 2118 1393 2185 <225>
1433 2120 1669 2188 τοσαύτη
1711 2119 1814 2187 γὰρ

125 2207 153 2260 ὁ
192 2209 324 2269 θεὸς
361 2207 487 2278 περὶ
525 2211 780 2274 Μωυσῆν
821 2206 1085 2276 ἐχρήσατο
1128 2209 1340 2275 σπουδῇ
1383 2208 1455 2268 ὡς
1493 2205 1585 2259 ὑπ’
1631 2208 1814 2259 αὐτῶν

124 2305 233 2347 τῶν
264 2294 801 2365 καταψηφισαμένων
835 2296 926 2347 διὰ
966 2297 1066 2364 τὴν
1107 2296 1276 2349 αὐτοῦ
1318 2295 1536 2363 γένεσιν
1574 2294 1665 2347 καὶ
1705 2305 1815 2347 τῶν

58 2396 100 2427 25
125 2383 308 2436 ἄλλων
347 2394 458 2437 τῶν
500 2384 558 2437 ἐκ
597 2392 696 2436 τοῦ
729 2382 999 2452 Ἑβραίων
1041 2383 1237 2451 γένους
1276 2383 1552 2436 ἀπώλειαν
1590 2391 1814 2451 ποιῆσαι

123 2478 330 2540 τροφῆς
366 2470 458 2523 καὶ
499 2470 804 2539 ἐπιμελείας
838 2471 1157 2540 ἀξιωθῆναι.
1235 2473 1445 2524 κελεύει
1485 2491 1540 2524 τε
1581 2473 1814 2539 γύναιον

122 2559 155 2627 ἡ
221 2558 538 2629 Θέρμουθις
607 2558 848 2628 ἀχθῆναι
910 2559 1146 2630 παρέξον
1210 2562 1394 2629 θηλὴν
1456 2567 1529 2631 τῷ
1594 2561 1813 2632 παιδίω.

122 2648 305 2716 <226>
346 2650 417 2717 μὴ
449 2646 792 2717 προσεμένου
828 2645 888 2700 δὲ
920 2648 1092 2701 αὐτοῦ
1132 2650 1232 2717 τὴν
1271 2652 1473 2717 θηλήν,
1515 2646 1633 2700 ἀλλ’
1681 2648 1814 2702 ἀπο-

125 2736 459 2807 στραφέντος
512 2735 602 2788 καὶ
650 2733 794 2788 τοῦτ’
850 2735 935 2788 ἐπὶ
983 2741 1204 2789 πολλῶν
1255 2740 1585 2805 ποιήσαντος
1624 2757 1813 2804 γυναι-

58 2837 101 2868 30
125 2832 268 2892 κῶν,
321 2825 354 2892 ἡ
401 2824 709 2894 Μαριάμμη
765 2825 1262 2893 παρατυγχάνουσα
1316 2835 1429 2887 τοῖς
1479 2824 1813 2894 γινομένοις,

246 2929 269 2977 ἓ
302 2929 386 2968 221
413 2947 469 2961 =
493 2925 636 2968 Exod.
670 2925 713 2967 Π
745 2930 783 2968 3.

212 3006 422 3038 IosBPsz.
453 3007 483 3037 I.
1518 3004 1543 3043 8
