2052 3141
793 92 1065 133 AETTEPA
1661 90 1687 139 1
1697 89 1728 140 3
1739 90 1763 138 1

83 223 572 295 ἐπικομιζομένους.
650 225 831 293 <312>
869 223 960 277 καὶ
993 225 1020 277 ὃ
1054 216 1170 293 μὲν
1195 222 1443 293 ἑτοίμους
1483 226 1622 293 ἔχων
1660 225 1766 291 ἤδη

81 318 210 376 τοὺς
240 312 527 382 Ἑβραίους
564 315 699 382 πρὸς
730 314 830 381 τὴν
865 312 1057 376 ἔξοδον
1096 310 1186 364 καὶ
1220 310 1472 378 διατάξας
1511 313 1588 373 εἰς
1627 331 1765 379 φρα-

80 404 228 473 τριὰς
262 402 321 454 έν
354 401 529 472 ταύτῷ
565 410 838 471 συνεῖχεν·
881 400 1142 468 ἐνστάσης
1175 397 1235 452 δὲ
1267 408 1359 468 τῆς
1398 413 1767 469 τετταρεσκαι-

82 491 308 559 δεκάτης
348 489 550 552 πάντες
594 491 730 560 πρὸς
776 490 991 558 ἄφοδον
1039 491 1254 558 ἔχοντες
1301 490 1507 556 ἔθυον,
1562 486 1651 540 καὶ
1691 494 1763 558 τῷ

36 595 54 627 5
80 581 264 648 αἵματι
303 578 396 640 τὰς
436 579 608 640 οἰκίας
645 579 889 646 ἥγνιζον,
928 578 1190 630 ὑσσώπου
1230 580 1422 645 κόμαις
1461 576 1766 644 ἀναλαβόν-

79 688 181 736 τες,
221 666 311 720 καὶ
344 668 733 735 δειπνήσαντες
765 667 829 718 τὰ
862 667 1023 718 λοιπὰ
1057 675 1165 718 τῶν
1198 675 1374 735 κρεῶν
1417 667 1653 717 ἔκαυσαν
1695 665 1767 726 ὡς

81 756 504 824 ἐξελευσόμενοι.
581 755 762 822 <313>
788 755 924 807 ὅθεν
949 763 1054 807 νῦν
1088 756 1165 806 ε”τι
1198 755 1331 806 κατὰ
1364 756 1422 806 τὸ
1458 756 1587 814 ἔθος
1620 752 1761 804 οὕτω

77 846 321 913 θύομεν,
374 844 475 911 τὴν
539 841 733 911 ἑορτὴν
780 843 977 911 Πάσχα
1031 846 1344 904 καλοῦντες·
1403 844 1655 910 σημαίνει
1709 838 1756 891 δ’

77 932 416 1002 ὑπερβάσια,
479 932 618 984 διότι
673 928 790 983 κατ’
855 930 1068 998 ἐκείνην
1124 932 1222 998 τὴν
1271 927 1504 999 ἑσπέραν
1557 930 1584 982 ὁ
1632 930 1766 990 θεὸς

14 1036 54 1068 10
79 1020 262 1073 αὐτῶν
300 1020 541 1090 ὑπερβὰς
581 1021 903 1086 Αἰγυπτίοις
951 1017 1288 1085 ἐναπέσκηψε
1330 1019 1429 1086 τὴν
1468 1020 1653 1069 νόσον.
1732 1017 1764 1084 ἡ

80 1111 182 1178 γὰρ
233 1109 422 1179 φθορὰ
469 1118 578 1161 τῶν
625 1111 988 1178 πρωτοτόκων
1035 1103 1150 1159 κατ’
1199 1106 1413 1174 ἐκείνην
1454 1108 1626 1158 ἔπεισι
1666 1107 1768 1173 τὴν

80 1199 250 1250 νύκτα
289 1205 402 1258 τοῖς
442 1197 789 1263 Αἰγυπτίοις,
839 1195 910 1257 ὡς
958 1197 1331 1256 συνελθόντας
1377 1196 1617 1255 πολλοὺς
1656 1204 1766 1246 τῶν

80 1283 203 1355 περὶ
243 1287 302 1338 τὸ
343 1287 623 1352 βασίλειον
665 1282 1042 1352 διαιτωμένων
1082 1290 1155 1354 τῷ
1201 1283 1484 1353 Φαραώθῃ
1527 1285 1768 1350 συμβου-

82 1375 262 1426 λεύειν
309 1372 571 1425 ἀπολύειν
621 1374 749 1434 τοὺς
778 1370 1081 1440 Ἑβραίους.
1159 1371 1340 1438 <9>14>
1387 1369 1476 1422 καὶ
1514 1373 1770 1437 ΛΜωυσῆν

18 1477 58 1508 15
82 1460 310 1523 καλέσας
343 1460 547 1522 ἐκεῖνος
577 1458 793 1512 ἀπιέναι
826 1458 1174 1529 προσέταξεν,
1214 1460 1264 1510 εἰ
1293 1466 1386 1526 τῆς
1417 1459 1596 1527 χώρας
1629 1456 1771 1521 ἐξέλ-

82 1556 272 1618 θοιεν,
323 1550 632 1601 παύσεσθαι
683 1550 782 1616 τὴν
822 1553 1107 1616 Αἴγυπτον
1155 1552 1585 1600 κακοπαθοῦσαν
1635 1547 1769 1599 ὑπο-

84 1639 283 1705 λαβών.
363 1637 561 1706 δώροις
592 1656 647 1688 τε
681 1639 808 1698 τοὺς
833 1634 1122 1706 Ἑβραίους
1155 1635 1372 1704 ε’τίμων,
1415 1638 1471 1688 οἳ
1499 1632 1598 1703 μὲν
1630 1632 1767 1703 ὑπὲρ

85 1733 182 1778 τοῦ
230 1725 417 1794 τάχιον
465 1724 735 1792 ἐξελθεῖν,
788 1728 845 1777 οἳ
889 1722 949 1776 δὲ
988 1723 1076 1776 καὶ
1108 1725 1241 1776 κατὰ
1284 1724 1596 1791 γειτνιακὴν
1635 1725 1770 1793 πρὸς

85 1813 285 1875 αὐτοὺς
325 1815 644 1880 συνήθειαν.

19 1918 60 1950 20
196 1902 375 1969 <315>
399 1899 489 1953 καὶ
522 1904 579 1953 οἳ
607 1897 706 1969 μὲν
732 1899 949 1970 ἐξῇσαν,
982 1904 1285 1953 κλαιόντων
1318 1898 1406 1951 καὶ
1440 1900 1772 1968 μετανοούν-
1792 1898 1858 1951 15

85 2010 224 2058 των,
271 1989 353 2042 ὅτι
392 1992 686 2058 χρήσαιντο
735 1993 980 2058 χαλεπῶς
1020 1989 1233 2056 αὐτοῖς,
1281 1998 1389 2040 τῶν
1430 1989 1770 2055 Αἰγυπτίων,

84 2079 183 2146 τὴν
224 2075 285 2130 δὲ
324 2081 552 2147 πορείαν
592 2077 879 2130 ἐποιοῦντο
920 2078 1053 2129 κατὰ
1093 2081 1310 2145 Λητοῦς
1348 2079 1528 2144 πόλιν,
1569 2079 1772 2146 ἔρημον

86 2162 259 2218 οὖσαν
315 2165 374 2218 ἐν
428 2175 542 2228 τοῖς
594 2169 735 2218 τότε·
788 2167 1061 2234 Βαβυλὼν
1108 2167 1210 2235 γὰρ
1258 2165 1491 2234 ὕστερον
1542 2167 1770 2228 κτίζεται

87 2253 214 2322 ἐκεῖ,
254 2255 558 2322 Καμβύσου
599 2254 1110 2324 καταστρεφομένου
1150 2255 1250 2322 τὴν
1284 2258 1583 2321 Αἴγυπτον.
1640 2266 1769 2304 συν-

18 2356 59 2388 25
84 2345 260 2410 τόμως
323 2339 383 2393 δὲ
444 2343 765 2410 ποιούμενοι
820 2344 920 2411 τὴν
971 2344 1220 2412 ἄφοδον,
1275 2344 1351 2404 εἰς
1404 2344 1769 2408 Βελσεφῶντα

83 2433 287 2499 χωρίον
327 2438 556 2499 τριταῖοι
603 2434 999 2499 παραγίνονται
1039 2438 1132 2499 τῆς
1171 2429 1444 2500 Ἐρυθρᾶς
1482 2429 1768 2495 θαλάττης.

84 2519 264 2585 <316>
312 2519 546 2586 μηδενὸς
593 2515 654 2569 δὲ
700 2527 808 2570 τῶν
856 2518 962 2571 ἀπὸ
1010 2526 1101 2586 τῆς
1140 2527 1238 2586 γῆς
1277 2518 1639 2586 εὐποροῦντες
1679 2516 1771 2567 διὰ

84 2608 184 2674 τὴν
218 2606 465 2677 ἐρημίαν,
503 2604 910 2675 πεφυραμένοις
941 2616 1054 2669 τοῖς
1086 2606 1338 2676 ἀλεύροις
1370 2604 1459 2658 καὶ
1499 2607 1768 2672 πεπηγόσι

86 2696 259 2762 μόνον
290 2693 398 2747 ὑπὸ
431 2696 684 2762 βραχείας
715 2697 1052 2763 θερμότητος
1083 2704 1196 2757 τοῖς
1228 2693 1315 2746 ἀπ’
1364 2694 1544 2746 αὐτῶν
1585 2694 1770 2762 ἄρτοις

19 2796 62 2827 30
87 2781 453 2852 διετρέφοντο.
531 2779 620 2833 καὶ
659 2782 873 2844 τούτοις
913 2781 999 2834 ἐπὶ
1046 2780 1327 2851 τριάκονθ’
1375 2781 1576 2851 ἡμέρας
1615 2781 1766 2851 ἐχρή-

204 2888 228 2936 ἓ
263 2888 346 2926 312
374 2905 429 2918 =
454 2882 598 2925 Exod.
632 2882 717 2924 XII
753 2888 820 2926 21.

1444 2954 1504 2999 9*
