2052 3141
814 92 1089 133 TETAPTH
1687 89 1794 142 225

107 228 140 281 ἃ
178 229 278 296 τὴν
317 225 504 295 ἄφιξιν
552 225 917 293 ἐποιησάμην,
964 221 1033 292 ἦν
1074 223 1132 277 τέ
1168 245 1261 293 μοι
1302 222 1372 277 δι’
1421 224 1582 293 εὐχῆς
1621 221 1795 292 μηδὲν

108 315 368 383 ἀδικῆσαί
417 329 518 368 σου
574 315 673 381 τὴν
725 312 1053 381 ἐπιθυμιάν·
1117 314 1299 380 <121>
1345 315 1606 381 κρείττων
1662 310 1710 364 δ’
1769 313 1796 365 ὁ

107 405 239 465 θεὸς
290 397 368 456 ὧν
419 401 525 470 ἐγὼ
578 404 896 471 χαρίζεσθαι
953 402 1288 468 διεγνώκειν.
1366 405 1643 463 παντελῶς
1693 401 1796 468 γὰρ

107 491 361 553 ἀσθενεῖς
399 491 457 543 οἱ
490 491 893 560 προγινώσκειν
940 487 1064 558 περὶ
1103 498 1212 542 τῶν
1253 488 1624 559 ἀνθρωπίνων
1663 486 1790 556 παρ’

63 594 82 627 5
109 577 318 631 ἑαυτῶν
356 578 866 647 ὑπολαμβάνοντες,
917 577 1054 629 ὥστε
1096 579 1168 646 μὴ
1208 574 1369 630 ταῦθ’
1418 578 1552 645 άπερ
1593 577 1798 644 ὑπαγο-

107 669 255 737 ρεύει
293 669 354 720 τὸ
393 672 554 719 θεῖον
595 664 802 733 λέγειν,
850 666 1134 734 βιάζεσθαι
1175 662 1235 716 δὲ
1274 666 1375 733 τὴν
1417 664 1628 718 ἐκείνου
1669 666 1799 733 130&-

108 760 282 824 λησιν.
361 751 526 808 οὐδὲν
580 755 683 823 γὰρ
733 753 793 807 ἐν
841 753 973 822 ἡμῖν
1021 756 1098 806 ἔτι
1150 753 1472 822 φθάσαντος
1523 755 1800 806 εἰσελθεῖν

109 843 320 896 ἐκείνου
359 840 638 910 ἡμέτερον.
701 843 882 909 <122>
923 839 1081 909 ἔγωγ’
1124 837 1225 893 οὖν
1265 844 1362 894 τὸν
1404 843 1637 911 στρατὸν
1677 849 1800 894 τοῦ-

107 950 203 984 τον
251 927 366 983 οὔτ’
414 929 695 983 ἐπαινέσαι
741 928 1069 999 προυθέμην
1119 926 1233 982 οὔτ’
1281 927 1366 998 ἐφ’
1414 923 1495 991 οἷς
1542 932 1601 982 τὸ
1643 928 1801 996 γένος

43 1035 85 1066 10
109 1019 291 1072 αὐτῶν
323 1018 352 1072 ὁ
384 1021 517 1081 θεὸς
555 1018 789 1086 ἀγαθοῖς
821 1017 1196 1087 ἐμηχανήσατο
1239 1019 1505 1069 διελθεῖν·
1549 1016 1664 1070 ἀλλ’
1714 1018 1801 1069 εὐ-

109 1108 274 1176 μενὴς
313 1106 500 1169 αὐτοῖς
540 1103 700 1169 οὗτος
740 1107 817 1159 ὢν
856 1105 947 1159 καὶ
981 1107 1235 1158 σπεύδων
1277 1105 1462 1168 αὐτοῖς
1502 1106 1803 1173 εὐδαίμονα

109 1198 234 1264 βίον
296 1193 386 1247 καὶ
447 1193 603 1257 κλέος
665 1196 893 1247 αἰώνιον
955 1202 1290 1263 παρασχεῖν,
1354 1191 1473 1262 ἐμοὶ
1537 1195 1803 1246 τοιούτων

110 1282 447 1350 ἀπαγγελίαν
480 1285 661 1350 λόγων
693 1282 944 1335 ὑπέθετο.
1022 1283 1204 1349 <123>
1229 1289 1334 1334 νῦν
1369 1279 1434 1333 δέ
1463 1281 1803 1351 (χαρίζεσθαι

110 1372 214 1440 γὰρ
256 1371 400 1442 αὐτῷ
444 1369 532 1424 σοὶ
574 1372 664 1423 διὰ
706 1373 950 1440 σπουδῆς
992 1370 1109 1423 ἐστί
1152 1390 1244 1438 μοι
1284 1368 1373 1422 καὶ
1413 1371 1804 1433 Μαδιανίταις,

45 1474 86 1507 15
112 1454 189 1512 ὧν
237 1458 571 1511 ἀπώσασθαί
620 1479 713 1528 μοι
767 1461 867 1527 τὴν
923 1458 1147 1522 ἀξίωσιν
1196 1458 1296 1511 οὐκ
1345 1457 1630 1527 εὐπρεπές)
1673 1457 1802 1527 φέρε

111 1549 332 1617 βωμούς
382 1545 440 1600 θ’
490 1546 709 1617 ἑτέρους
763 1544 928 1610 αὖθις
975 1547 1271 1615 ἐγείρωμεν
1318 1544 1408 1599 καὶ
1446 1549 1650 1608 θυσίας
1689 1555 1806 1608 ταῖς

111 1635 243 1706 πρὶν
294 1640 674 1705 παραπλησίας
715 1634 1142 1704 ἐπιτελέσωμεν,
1198 1637 1249 1687 εἰ
1292 1643 1474 1687 πεῖσαι
1522 1637 1618 1687 τὸν
1668 1637 1806 1687 θεὸν

114 1726 422 1793 δυνηθείην
463 1723 748 1793 ἐπιτρέψαι
788 1745 879 1793 μοι
913 1726 1041 1786 τοὺς
1080 1723 1414 1791 ἀνθρώπους
1454 1722 1610 1792 ἀραῖς
1651 1722 1806 1791 ἐνδῆ-

115 1811 249 1865 σαι.’
327 1812 509 1880 <124>
549 1815 1006 1882 συγχωρήσαντος
1046 1808 1106 1863 δὲ
1146 1819 1244 1864 τοῦ
1283 1811 1541 1863 Βαλάκου
1585 1809 1669 1873 δὶς
1707 1808 1807 1879 μὲν

49 1916 92 1948 20
115 1903 372 1954 τεθυκότι
413 1902 474 1954 τὸ
513 1906 676 1954 θεῖον
717 1901 818 1954 οὐκ
851 1899 1106 1953 ἐπένευσε
1147 1900 1241 1961 τὰς
1279 1899 1413 1951 κατὰ
1454 1908 1563 1951 τῶν
1599 1897 1807 1967 Ἰσραη-

115 1994 280 2042 λιτῶν
329 1988 482 2058 ἀράς·
530 1991 710 2052 θύσας
750 1987 811 2042 δὲ
857 1988 947 2041 καὶ
986 1991 1198 2057 τρίτον,
1246 1989 1429 2039 ἄλλων
1469 1987 1636 2040 πάλιν
1677 1987 1807 2040 ἀνα-

115 2075 434 2130 σταθέντων
489 2081 726 2146 βωμῶν,
788 2075 918 2130 οὐδὲ
974 2079 1093 2129 τότε
1149 2073 1249 2144 μὲν
1303 2076 1644 2145 κατηράσατο
1696 2085 1808 2138 τοῖς

110 2162 489 2234 Ἰσραηλίταις,
530 2166 712 2234 (125)
744 2166 928 2218 πεσὼν
955 2162 1003 2217 δ’
1037 2162 1124 2217 ἐπὶ
1156 2166 1217 2216 τὸ
1251 2166 1422 2231 στόμα
1453 2164 1606 2232 πάθη
1640 2165 1808 2233 πρού-

116 2257 274 2320 λεγεν
330 2253 431 2305 ὅσα
485 2273 541 2306 τε
589 2257 910 2322 βασιλεῦσιν
958 2256 1107 2305 ἔσται
1161 2250 1251 2304 καὶ
1307 2252 1408 2304 ὅσα
1454 2254 1646 2303 πόλεσι
1691 2260 1809 2313 ταῖς

51 2355 93 2388 25
119 2339 593 2409 ἀξιολογωτάταις,
626 2336 703 2393 ὧν
738 2341 908 2403 ἐνίαις
933 2338 1054 2393 οὐδ’
1093 2342 1371 2393 οἰκεῖσθαί
1397 2356 1480 2391 πω
1517 2339 1807 2408 συνέβαινε

116 2431 216 2497 τὴν
257 2428 462 2498 ἀρχήν,
517 2430 551 2481 ἅ
590 2448 645 2481 τε
697 2428 789 2481 καὶ
837 2427 1188 2498 προϋπῆρξεν
1238 2426 1298 2480 ἐν
1338 2437 1451 2490 τοῖς
1491 2430 1808 2495 ἔμπροσθεν

117 2520 338 2586 χρόνοις
370 2517 639 2584 γενόμενα
673 2526 786 2579 τοῖς
809 2516 1127 2585 ἀνθρώποις
1161 2517 1251 2567 διὰ
1284 2523 1381 2583 γῆς
1412 2515 1445 2583 ἢ
1482 2515 1574 2566 διὰ
1605 2516 1808 2567 θαλάτ-

117 2625 212 2673 της
244 2607 322 2667 εἰς
353 2607 572 2673 μνήμην
604 2606 706 2673 τὴν
739 2604 895 2673 ἐμήν
931 2604 984 2668 ἐξ
1021 2600 1099 2656 ὧν
1132 2603 1388 2656 ἁπάντων
1420 2602 1575 2666 τέλος
1609 2606 1808 2672 λαβόν-

117 2712 226 2745 των
260 2693 454 2746 ὁποῖον
488 2692 694 2754 ἐκεῖνος
723 2703 967 2761 προεῖπε,
1007 2689 1332 2761 τεκμαίροιτ’
1373 2693 1442 2743 ἄν
1474 2710 1554 2753 τις
1595 2691 1677 2743 ὅτι
1718 2690 1810 2743 καὶ

52 2793 96 2825 30
119 2783 296 2833 ἔσοιτο
336 2782 471 2848 πρὸς
509 2782 570 2832 τὸ
610 2778 826 2848 μέλλον.

236 2885 260 2934 ἓ
297 2886 377 2924 121
406 2902 460 2916 =
484 2879 621 2926 Num.
656 2881 804 2925 xxm
840 2886 906 2924 12.

206 2963 415 2995 ΙοεΕΡΗσε.
453 2963 484 2995 Ι.
1486 2959 1505 2998 1
1515 2959 1539 2995 5
