1975 3111
919 107 1128 149 ΠΡΩΤΗ
1797 103 1867 154 35

292 242 471 310 <169>
513 243 585 304 ὡς
625 239 673 293 δ’
713 243 790 303 εἰς
828 242 928 309 τὴν
963 243 1282 293 Χαναναίαν
1324 239 1568 308 ἀφίκετο,
1607 240 1874 307 μερίζεται
1907 251 1932 289 3

179 333 316 400 πρὸς
363 333 560 383 Λῶτον
611 331 712 398 τὴν
764 337 899 397 γῆν,
950 339 1059 381 τῶν
1109 326 1389 397 ποιμένων
1430 328 1616 388 αὐτοῖς
1657 339 1874 378 στασια-

182 422 384 483 ζόντων
417 417 540 487 περὶ
573 425 666 486 τῆς
697 419 876 487 χώρας
908 416 967 469 ἐν
994 412 1026 486 ᾖ
1052 416 1292 485 νέμοιεν·
1334 418 1434 484 τὴν
1475 415 1708 482 ἐκλογὴν
1749 412 1873 482 μέν-

181 527 265 560 τοι
298 506 390 560 καὶ
421 509 522 575 τὴν
556 508 769 576 αἵρεσιν
804 505 1075 574 ἐπιτρέπει
1107 513 1180 577 τῷ
1208 507 1399 578 Λώτῳ.
1478 503 1661 572 <170>
1688 503 1874 570 λαβὼν

136 612 155 643 5
182 594 231 647 δ’
280 596 443 658 αὐτὸς
481 597 582 664 τὴν
620 593 712 648 ὑπ’
770 594 981 647 ἐκείνου
1028 592 1525 662 καταλελειμμένην
1574 592 1874 660 ὑπώρειαν,

181 676 394 755 ᾤ’κησεν
436 683 495 736 ἐν
536 691 598 753 τῇ
634 683 864 753 Χεβρὼν
896 686 1073 735 πόλει·
1114 680 1445 751 παλαιοτέρα
1478 679 1528 733 δ’
1576 679 1725 733 ἐστὶν
1765 681 1874 731 ἔτε-

180 787 270 825 σιν
323 770 453 825 ἑπτὰ
499 773 605 839 πρὸ
653 771 886 832 Τάνιδος
932 778 1025 838 τῆς
1064 771 1366 838 Αἰγύπτου.
1444 773 1634 830 Λῶτος
1673 765 1733 820 δὲ
1774 769 1874 835 τὴν

179 863 315 930 πρὸς
352 863 413 913 τὸ
452 861 646 912 πεδίον
686 858 942 927 κειμένην
973 857 1064 910 καὶ
1102 861 1347 927 ποταμὸν
1381 857 1670 926 Ἰορδάνην
1711 852 1875 924 εἶχεν,

180 949 281 1001 οὐκ
332 949 558 1001 ἄπωθεν
609 955 702 1015 τῆς
748 949 1076 1015 Σοδομιτῶν
1122 950 1364 1013 πόλεως,
1419 946 1451 1013 ἢ
1492 948 1610 998 τότε
1664 942 1764 1013 μὲν
1803 940 1873 1011 ἧν

115 1053 155 1084 10
180 1036 396 1105 ἀγαθή,
449 1044 556 1089 νῦν
609 1033 670 1088 δὲ
719 1036 1016 1104 ἠφάνισται
1067 1037 1201 1087 κατὰ
1254 1036 1524 1103 βούλησιν
1571 1031 1661 1085 καὶ
1709 1040 1874 1100 μῆνιν

180 1131 334 1179 θεοῦ.
411 1127 512 1194 τὴν
553 1122 614 1177 δὲ
656 1127 835 1177 αἰτίαν
876 1125 1010 1176 κατὰ
1050 1126 1235 1193 χώραν
1277 1132 1519 1192 σημανῶ.

293 1215 472 1280 <171>
513 1212 626 1266 κατ’
675 1213 886 1266 ἐκεῖνον
937 1209 998 1265 δὲ
1036 1215 1133 1265 τὸν
1173 1214 1367 1280 καιρὸν
1402 1210 1708 1279 Ἀσσυρίων
1747 1228 1875 1278 κρα-
1902 1208 1933 1258 9

184 1304 431 1356 τούντων
478 1310 571 1370 τῆς
610 1300 827 1369 Ἀσίας,
883 1302 1216 1369 Σοδομίταις
1262 1303 1426 1368 ἤνθει
1466 1300 1532 1352 τὰ
1570 1298 1876 1367 πράγματα,

182 1397 261 1454 εἵς
298 1411 354 1443 τε
394 1394 635 1442 πλοῦτον
669 1389 1082 1442 ἐπιδεδωκότων
1124 1389 1307 1441 αὐτῶν
1346 1387 1437 1441 καὶ
1477 1390 1706 1455 νεότητα
1746 1389 1876 1438 πολ-

117 1496 157 1527 15
183 1482 302 1548 λήν.
380 1482 624 1547 βασιλεῖς
678 1477 722 1530 τ’
787 1478 973 1540 αὐτοῖς
1027 1476 1186 1529 πέντε
1243 1479 1458 1530 διεῖπον
1511 1478 1611 1544 τὴν
1673 1477 1876 1545 χώραν,

182 1569 399 1630 Βάλλας
422 1567 641 1636 Βάρσας
667 1567 991 1637 Σεναβάρης
1030 1565 1120 1618 καὶ
1153 1568 1501 1635 Συμόβορος,
1542 1565 1570 1617 ὅ
1610 1584 1666 1616 τε
1698 1567 1876 1631 Βαλη-

183 1667 297 1710 νῶν
337 1658 614 1725 βασιλεύς·
656 1659 850 1726 μοίρας
890 1654 939 1708 δ’
985 1651 1156 1724 ἦρχον
1198 1654 1422 1717 ἕκαστος
1462 1655 1618 1715 ἰδίας.
1697 1652 1875 1719 <172>

185 1745 271 1798 ἐπὶ
304 1747 533 1808 τούτους
566 1745 989 1815 στρατεύσαντες
1014 1742 1313 1813 Ἀσσύριοι,
1354 1741 1444 1795 καὶ
1477 1741 1612 1812 μέρη
1653 1739 1877 1809 τέτταρα

184 1837 510 1903 ποιησαντες
533 1854 626 1902 της
651 1841 903 1903 στρατιᾶς
929 1832 1290 1901 ἐπολιόρκουν
1324 1832 1544 1893 αὐτούς·
1579 1830 1878 1936 στρατηγὸς

119 1939 161 1969 20
187 1922 235 1976 δ’
278 1921 524 1985 εκάστοις
555 1943 625 1990 ην
658 1916 735 1985 εἷς
769 1919 1197 1989 ἐπιτεταγμένος.
1275 1918 1574 1988 γενομένης
1606 1916 1665 1970 δε
1706 1918 1877 1986 μάχης

184 2014 505 2080 νικήσαντες
545 2032 597 2064 οι
630 2010 912 2080 Ἀσσύριοι
951 2013 1129 2079 φόρον
1163 2009 1507 2062 ἐπιτάττουσι
1546 2016 1659 2070 τοϊς
1698 2007 1875 2059 Σοδο-

185 2110 357 2169 μιτῶν
411 2103 714 2169 βασιλεῦσι.
795 2100 975 2167 <173>
1026 2100 1238 2151 δώδεκα
1294 2094 1393 2166 μὲν
1451 2092 1553 2149 οὖν
1609 2098 1698 2163 ἔτη
1749 2095 1877 2147 δου-

186 2190 438 2252 λεύοντες
469 2186 560 2241 καὶ
591 2191 719 2251 τοὺς
752 2186 1142 2257 ἐπιταχθέντας
1182 2186 1367 2248 αὐτοῖς
1405 2187 1616 2254 φόρους
1654 2187 1877 2236 τελοῦν-

185 2297 271 2340 τες
308 2275 635 2346 ὑπέμειναν,
682 2285 756 2349 τςό
809 2274 869 2328 δὲ
916 2275 1343 2346 τρισκαιδεκάτῳ
1384 2272 1709 2340 ἀπέστησαν.
1786 2269 1878 2322 καὶ

120 2380 162 2411 25
188 2368 458 2434 διαβαίνει
498 2367 726 2435 στρατὸς
758 2364 1066 2434 Ἀσσυρίων
1108 2361 1188 2416 ἐπ’
1237 2364 1462 2431 αὐτούς,
1511 2360 1877 2430 στρατηγούν-

185 2475 296 2507 των
342 2452 719 2523 Ἀμαραψίδου
771 2452 1060 2525 Ἀριούχου
1114 2454 1549 2520 Χοδολλαμόρου
1603 2448 1875 2500 Θαδάλου.

188 2543 369 2610 <174>
411 2538 564 2595 οὗτοι
610 2544 710 2609 τήν
755 2561 811 2594 τε
852 2544 1068 2611 Συρίαν
1117 2543 1333 2593 ἅπασαν
1375 2538 1748 2607 διηρπάσαντο
1788 2534 1879 2588 καὶ

187 2634 315 2693 τοὺς
359 2641 468 2683 τῶν
516 2630 792 2698 γιγάντων
841 2630 1150 2698 ἀπογόνους
1197 2626 1646 2696 κατεστρέψαντο.
1725 2627 1879 2693 γενό-

188 2739 346 2788 μενοι
395 2715 456 2771 δὲ
502 2719 637 2770 κατὰ
684 2719 748 2770 τὰ
788 2720 1017 2786 Σόδομα
1071 2717 1566 2787 στρατοπεδεύουσι
1606 2715 1740 2766 κατὰ
1779 2714 1879 2780 τὴν

122 2823 165 2854 30
189 2807 419 2860 κοιλάδα
451 2808 550 2875 τὴν
584 2805 887 2875 λεγομένην
916 2806 1132 2876 Φρεάτα
1165 2806 1469 2875 ἀσφάλτου·
1511 2802 1625 2856 κατ’
1666 2802 1878 2856 ἐκεῖνον

310 2913 333 2961 ς
369 2913 451 2953 169
477 2930 532 2945 =
559 2908 670 2951 Gen.
703 2907 810 2950 ΧΠΙ
845 2914 882 2952 1.
1006 2913 1029 2961 ξ
1065 2912 1145 2951 171
1176 2929 1230 2943 =
1257 2905 1369 2950 Gen.
1402 2905 1510 2949 XIV
1543 2910 1581 2948 1.
