1975 3111
844 112 1054 154 ΠΡΩΤΗ
1720 107 1790 159 23

105 249 390 300 Μανεθὼν
416 247 444 300 ὁ
462 248 561 314 τὴν
586 255 696 299 τῶν
715 248 1034 314 Αἰγυπτίων
1058 245 1424 313 ποιησάμενος
1449 242 1793 312 ἀναγραφήν,

105 334 195 389 καὶ
225 337 488 405 Βηρωσὸς
520 335 548 388 ὁ
575 335 639 386 τὰ
670 335 951 386 Χαλδαϊκὰ
982 333 1328 400 συναγαγών,
1363 330 1452 383 καὶ
1492 333 1698 399 Μῶχός
1738 348 1792 382 τε

104 423 195 476 καὶ
226 423 505 486 Ἑκαταῖος
529 421 618 476 καὶ
651 425 786 493 πρὸς
810 424 1022 483 τούτοις
1055 422 1082 475 ὁ
1117 422 1418 488 Αἰγύπτιος
1448 418 1794 488 Ἱερώνυμος,

107 513 164 565 οἰ
183 514 247 565 τὰ
275 513 566 565 Φοινικικὰ
586 511 1003 579 συνταξάμενοι,
1022 517 1386 579 συμφωνοῦσι
1411 517 1525 570 τοῖς
1542 505 1633 559 ὑπ’
1660 506 1794 575 ἐμοῦ

61 618 82 650 5
108 599 446 669 λεγομένοις·
489 598 946 667 <108>ςΗσίοδός
977 618 1031 650 τε
1066 597 1154 650 καὶ
1171 595 1451 658 Ἑκαταῖος
1483 595 1573 647 καὶ
1606 594 1795 648 Ἑλλά-

103 709 257 751 νικος
303 687 392 741 καὶ
435 685 815 755 Ακουσιλαος,
857 686 943 739 καὶ
988 688 1123 755 πρὸς
1168 687 1381 747 τούτοις
1414 683 1652 752 ’Έφορος
1705 682 1794 736 καὶ

105 779 399 844 Νικόλαος,
442 777 722 844 ἱστοροῦσι
756 778 881 838 τοὺς
914 775 1173 844 ἀρχαιους
1210 776 1470 841 ζήσαντας
1510 774 1598 840 ε’τη
1633 775 1793 841 χίλια.

251 863 374 932 περὶ
423 884 523 932 μεν
572 860 674 916 οὖν
722 866 964 931 τούτων,
1013 864 1084 925 ὡς
1131 862 1198 914 ἂν
1252 860 1495 923 ἑκάστοις
1534 865 1567 930 ῂ
1609 864 1795 929 φιλον,

106 953 248 1006 οὕτω
298 955 695 1006 σκοπειτωσαν
752 952 930 1018 <w9>
980 952 1036 1004 οἰ
1079 948 1138 1003 δε
1178 949 1377 1002 Νωεόυ
1418 951 1609 1011 παῖδες
1648 958 1791 1018 τρεῖς
1824 950 1858 1000 4

41 1059 83 1090 10
109 1043 290 1108 ὄντες,
338 1043 531 1108 Σήμας
569 1039 658 1092 καὶ
693 1037 949 1108 Ἰαφέθας
988 1038 1077 1091 καὶ
1120 1039 1336 1107 Χάμας,
1386 1036 1579 1090 ἑκατὸν
1621 1039 1796 1090 ἔτεσιν

105 1131 419 1197 ἔμπροσθεν
451 1137 544 1197 τῆς
577 1128 873 1197 ἐπομβρίας
914 1130 1215 1195 γεγονότες,
1255 1136 1460 1196 πρῶτοι
1501 1128 1797 1178 κατελθόν-

104 1236 190 1279 τες
222 1204 326 1270 ἀπὸ
360 1226 470 1269 τῶν
503 1216 649 1286 ὀρῶν
690 1218 767 1278 εἰς
797 1218 861 1268 τὰ
894 1218 1054 1268 πεδία
1087 1217 1186 1283 τὴν
1228 1214 1286 1267 ἐν
1327 1216 1541 1276 τούτοις
1581 1219 1797 1282 οἴκησιν

107 1304 454 1373 ἐποιήσαντο,
495 1303 582 1356 καὶ
615 1307 744 1367 τοὺς
776 1305 994 1372 ἄλλους,
1037 1305 1253 1372 σφόδρα
1288 1304 1536 1364 δεδιότας
1568 1303 1660 1355 διὰ
1700 1305 1796 1356 τὸν

107 1394 489 1460 κατακλυσμὸν
529 1393 594 1444 τὰ
633 1393 794 1444 πεδία
843 1390 931 1443 καὶ
974 1391 1218 1460 ὀκνηρῶς
1259 1394 1482 1460 ἔχοντας
1522 1392 1658 1460 πρὸς
1697 1393 1797 1459 τὴν

40 1499 82 1532 15
109 1480 212 1533 ἀπὸ
246 1490 355 1533 τῶν
386 1480 618 1548 ὑψηλῶν
652 1483 832 1533 τόπων
866 1480 1185 1548 κατάβασιν,
1227 1482 1448 1532 ἔπεισαν
1479 1481 1797 1548 θαρρήσαν-

106 1589 200 1631 τας
232 1570 464 1637 μιμητάς
496 1569 678 1621 αὐτῶν
712 1567 986 1635 γενέσθαι.
1052 1569 1232 1635 <11Ο>
1259 1567 1346 1620 καὶ
1379 1570 1438 1620 τὸ
1473 1565 1572 1635 μὲν
1606 1569 1797 1620 πεδίον

108 1659 186 1719 εἰς
233 1656 261 1710 ὃ
310 1667 528 1725 πρῶτον
584 1657 785 1719 αὐτοὺς
831 1654 1172 1727 κατῴκισαν,
1220 1661 1460 1708 καλεῖται
1514 1656 1795 1726 Σενναάρ·

108 1754 206 1798 τοῦ
240 1742 300 1797 δὲ
331 1751 471 1798 θεοῦ
504 1747 860 1806 κελεύσαντος
889 1745 1092 1812 αὐτοῖς,
1125 1747 1176 1797 εἰ
1206 1748 1798 1814 πολυανθρωπήσειαν,

109 1832 353 1886 στέλλειν
394 1833 671 1901 ἀποικίας,
719 1835 810 1885 ἴνα
851 1835 922 1901 μὴ
974 1834 1311 1897 στασιάζοιεν
1351 1835 1487 1901 πρὸς
1528 1832 1800 1900 ἀλλήλους

42 1941 85 1972 20
111 1921 247 1974 ἀλλὰ
299 1929 402 1989 γῆν
453 1923 665 1989 πολλὴν
716 1930 1087 1989 γεωργοῦντες
1138 1919 1415 1989 ἀφθονίας
1466 1920 1798 1974 ἀπολαύοιεν

108 2019 217 2063 τῶν
255 2019 500 2079 καρπῶν,
540 2008 632 2062 ὑπ’
679 2009 919 2078 ἀμαθίας
958 2012 1314 2078 παρήκουσαν
1354 2018 1452 2062 τοῦ
1493 2015 1646 2062 θεοῦ.
1710 2008 1799 2061 καὶ

110 2100 202 2151 διὰ
240 2106 402 2152 τοῦτο
445 2108 754 2167 συμφοραῖς
784 2101 1169 2167 περιπεσόντες
1217 2096 1456 2167 ᾔσθοντο
1498 2106 1592 2166 τῆς
1632 2097 1800 2167 ἀμαρ-

108 2190 239 2249 τίας.
318 2187 499 2255 <111>
534 2185 648 2239 ἐπεὶ
683 2188 784 2254 γὰρ
830 2189 1048 2254 ἤνθουν
1080 2189 1334 2254 νεότητος
1372 2188 1595 2254 πλήθει,
1634 2187 1800 2238 πάλιν

111 2275 139 2328 ὁ
179 2277 311 2337 θεὸς
366 2275 550 2336 αὐτοῖς
606 2276 1005 2343 συνεβούλευσε
1053 2279 1333 2327 ποιεῖσθαι
1382 2276 1482 2342 τὴν
1530 2273 1800 2326 ἀποικίαν.

43 2380 86 2412 25
113 2366 169 2416 οἳ
205 2360 254 2415 δ’
302 2362 368 2416 οὐ
418 2364 552 2414 κατὰ
600 2365 699 2431 τὴν
749 2361 1037 2431 εὐμένειαν
1085 2364 1184 2430 τὴν
1238 2362 1450 2415 ἐκείνου
1490 2364 1801 2437 νομίζοντες

112 2453 256 2520 ἔχειν
295 2449 528 2517 τάγαθά,
567 2452 668 2518 τὴν
710 2448 758 2503 δ’
807 2453 967 2520 ἰσχὺν
1009 2451 1194 2513 αὑτοῖς
1233 2452 1332 2519 τὴν
1374 2452 1581 2503 οἰκείαν
1622 2451 1802 2503 αἰτίαν

111 2547 204 2607 τῆς
243 2538 500 2605 εὐπορίας
540 2538 1046 2607 ὑπολαμβάνοντες,
1095 2539 1196 2592 οὐκ
1237 2537 1544 2590 ἐπείθοντο.
1623 2539 1801 2605 <112>

111 2630 511 2697 προσετίθεσαν
553 2624 612 2678 δὲ
653 2634 725 2697 τῷ
761 2628 1096 2696 παρακούειν
1136 2635 1228 2695 τῆς
1267 2635 1366 2679 τοῦ
1404 2631 1544 2678 θεοῦ
1586 2627 1803 2695 γνώμης

111 2714 203 2768 καὶ
249 2717 309 2768 τὸ
357 2712 471 2767 κατ’
529 2714 827 2783 ἐπιβουλὴν
874 2715 1136 2767 ὑπονοεῖν
1184 2717 1260 2776 εἰς
1308 2714 1564 2766 ἀποικίαν
1605 2714 1804 2776 αὐτοὺς

46 2820 91 2852 30
113 2811 422 2874 παρορμᾶν,
453 2804 545 2856 ἴνα
577 2801 948 2872 διαιρεθέντες
980 2803 1500 2871 εὐεπιχειρητότεροι
1535 2801 1802 2869 γένοιντο.

234 2908 258 2956 ξ
293 2907 375 2946 109
402 2924 457 2940 =
483 2902 595 2946 Gen.
628 2903 693 2945 IX
727 2908 793 2947 18.
918 2909 940 2956 ξ
979 2909 1059 2947 110
1089 2925 1141 2939 =
1168 2902 1278 2948 Gen.
1314 2902 1378 2945 XI
1411 2908 1450 2946 2.
