1975 3111
50 1024 92 1055 10

52 1466 93 1497 15

52 1907 94 1938 20

57 2348 99 2379 25

58 2789 101 2820 30

854 78 1063 120 ΠΡΩΤΗ
1769 74 1801 126 9

115 215 312 277 πάσαις
357 212 583 283 ἡμέραις
628 215 878 280 4Μωυσῆς
928 210 1017 264 καὶ
1057 211 1233 263 πάντα
1272 211 1336 262 τὰ
1379 209 1438 262 ἐν
1479 210 1624 280 αὐτῷ
1666 207 1801 277 φησὶ

116 302 396 371 γενέσθαι,
435 309 498 371 τῇ
533 298 582 353 δ’
631 298 836 370 ἑβδόμῃ
870 299 1296 352 ἀναπαύσασθαι
1337 297 1426 350 καὶ
1466 301 1656 366 λαβεῖν
1696 296 1801 349 άπὸ

116 401 225 444 τῶν
276 392 453 460 ἔργων
510 388 839 459 ἐκεχειρίαν·
897 389 1033 440 ὅθεν
1088 386 1188 439 καὶ.
1231 387 1384 455 ἡμεῖς
1440 387 1644 455 σχολὴν
1699 385 1803 437 ἀπὸ

115 489 225 532 τῶν
265 481 453 531 πόνων
500 478 634 530 κατὰ
661 478 883 545 ’ταύτην
932 478 1138 544 ἄγομεν
1186 477 1286 543 τὴν
1327 473 1561 544 ἡμέραν,
1601 488 1805 544 προσα-

117 568 440 637 γορεύοντες
479 564 651 634 αὐτὴν
693 566 951 633 σάββατα.
1017 566 1179 633 δηλοῖ
1217 561 1265 616 δ’
1313 562 1625 615 ἀνάπαυσιν
1672 563 1806 614 κατὰ

115 657 215 724 τὴν
247 653 518 724 ΜΕβραιων
561 655 846 706 διάλεκτον
886 654 1144 721 τοῦνομα.

230 744 372 811 <34>
419 741 508 795 καὶ
562 744 628 811 δὴ
681 763 770 794 και
821 746 1180 811 φυσιολογεῖν
1231 744 1478 807 Μωυσῆς
1528 741 1660 808 μετὰ
1708 741 1807 807 τὴν

118 830 360 900 ἑβδόμην
384 830 604 900 ἤρξατο,
636 828 759 898 περὶ
792 838 884 897 τῆς
916 828 1249 898 τάνθρώπου
1276 836 1609 895 κατασκευῆς
1633 826 1809 895 λέγων

117 919 303 982 οὕτως.
375 920 609 971 ἔπλασεν
649 918 677 970 ὁ
718 920 849 979 θεὸς
900 919 995 969 τὸν
1044 919 1348 985 ἄνθρωπον
1395 925 1532 985 χοῦν
1573 915 1677 968 ἀπὸ
1718 923 1810 982 τῆς

116 1015 214 1075 γῆς
254 1009 459 1076 λαβών,
499 1005 588 1059 καὶ
628 1014 843 1074 πνεῦμα
876 1004 1069 1073 ἐνῆκεν
1111 1005 1255 1076 αὐτῷ
1299 1003 1388 1057 καὶ
1428 1007 1626 1073 ψυχήν.
1684 1005 1712 1057 ὁ
1754 1002 1803 1055 δ’

117 1098 415 1165 ἄνθρωπος
465 1092 625 1157 οὗτος
658 1094 899 1162 ’Ἀδαμος
950 1094 1189 1162 ἐκλήθη,
1245 1096 1499 1161 σημαίνει
1549 1089 1609 1144 δὲ
1648 1101 1809 1145 τοῦτο

117 1186 251 1238 κατὰ
286 1189 531 1253 γλῶτταν
562 1185 661 1252 τὴν
687 1181 957 1252 Ἑβραίων
983 1185 1216 1252 πυρρόν,
1258 1181 1547 1250 ἐπειδήπερ
1581 1180 1685 1233 ἀπὸ
1719 1189 1811 1249 τῆς

117 1281 328 1343 πυρρᾶς
367 1280 465 1340 γῆς
495 1275 840 1341 φυραθείσης
874 1270 1137 1338 ἐγεγόνει·
1179 1272 1400 1338 τοιαύτη
1442 1270 1546 1338 γάρ
1588 1268 1737 1322 ἐστιν
1778 1269 1809 1335 ἡ

117 1359 395 1432 παρθένος
434 1368 500 1428 γῆ
542 1358 631 1412 καὶ
672 1359 927 1427 ἀληθινή.
1000 1359 1140 1426 <35>
1181 1361 1473 1427 παρίστησι
1515 1355 1564 1409 δ’
1612 1357 1640 1410 ὁ
1680 1359 1812 1419 θεὸς

118 1457 190 1521 τῷ
228 1446 444 1520 Ἀδάμῳ
477 1449 610 1500 κατὰ
646 1447 775 1515 γένη
810 1448 872 1499 τὰ
908 1450 1033 1518 ζῷα,
1072 1447 1220 1514 θῆλύ
1254 1465 1308 1498 τε
1341 1444 1431 1497 καὶ
1472 1447 1640 1515 ἄρρεν
1679 1445 1810 1498 ἀπο-

120 1537 457 1606 δειξάμενος·
510 1535 600 1588 καὶ
648 1537 862 1597 τούτοις
902 1535 1143 1603 ὀνόματα
1183 1537 1434 1603 τίθησιν,
1483 1527 1565 1596 οἷς
1605 1536 1682 1587 ἔτι
1721 1533 1813 1586 καὶ

119 1623 224 1679 νῦν
265 1629 576 1677 καλοῦνται.
654 1623 872 1692 βλέπων
925 1620 985 1675 δὲ
1036 1624 1133 1675 τὸν
1169 1621 1418 1691 ’Ἀδαμον
1471 1623 1571 1676 οὐκ
1619 1625 1813 1692 ἔχοντα

118 1717 417 1767 κοινωνίαν
463 1715 599 1782 πρὸς
644 1714 704 1765 τὸ
752 1716 900 1779 θῆλυ
948 1710 1037 1764 καὶ
1089 1713 1472 1779 συνδιαίτησιν
1514 1709 1670 1780 (οὐδὲ
1709 1713 1812 1781 γὰρ

120 1799 234 1873 ἦν),
274 1802 619 1870 ξενιζόμενον
646 1798 695 1853 δ’
731 1800 816 1853 ε’πὶ
850 1811 962 1862 τοῖς
994 1802 1181 1862 ἄλλοις
1215 1798 1371 1871 ζςόοις
1404 1801 1577 1863 οὕτως
1608 1803 1813 1869 ἔχουσι,

120 1894 250 1959 μίαν
276 1890 446 1943 αὐτοῦ
470 1888 817 1958 κοιμωμένου
843 1890 1088 1958 πλευρὰν
1124 1888 1321 1952 ἐξελὼν
1348 1888 1399 1951 ἐξ
1427 1888 1593 1956 αὐτῆς
1618 1892 1813 1941 ἔπλασε

119 1981 218 2048 τὴν
258 1989 514 2047 γυναῖκα·
556 1980 700 2047 <36>
735 1977 824 2030 καὶ
858 1979 885 2031 ὁ
914 1976 1156 2046 ’Ἀδαμος
1187 1983 1601 2047 προσαχθεῖσαν
1642 1977 1814 2045 αὐτὴν

121 2067 418 2138 ἐγνώρισεν
474 2067 527 2131 ἐξ
584 2065 783 2120 ἑαυτοῦ
838 2065 1158 2134 γενομένην.
1232 2065 1362 2118 ε’σσιὶ
1420 2063 1479 2118 δὲ
1530 2067 1664 2118 κατὰ
1715 2067 1815 2134 τὴν

123 2159 383 2226 Εβραίων
417 2156 704 2208 διάλεκτον
736 2160 978 2208 καλεῖται
1008 2157 1165 2222 γυνή.
1221 2157 1280 2207 τὸ
1316 2151 1364 2206 δ’
1407 2153 1616 2222 ἐκείνης
1642 2156 1815 2223 ὄνομα

122 2252 214 2312 τῆς
246 2247 507 2312 γυναικὸς
539 2243 686 2296 Εὐέα
718 2241 809 2312 ἧν·
853 2247 1105 2312 σημαίνει
1148 2240 1208 2295 δὲ
1241 2252 1402 2296 τοῦτο
1443 2243 1667 2294 πάντων
1707 2252 1815 2295 τῶν

127 2334 342 2396 ζώντων
384 2331 602 2402 μητέρα.

273 2422 416 2489 <37>
459 2420 594 2490 φησὶ
628 2418 687 2473 δὲ
720 2423 817 2474 τὸν
856 2423 995 2473 θεὸν
1034 2419 1126 2472 καὶ
1165 2421 1503 2490 παράδεισον
1542 2421 1677 2488 πρὸς
1715 2421 1814 2487 τὴν
1850 2430 1859 2442 ·’

123 2509 397 2577 ἀνατολὴν
443 2518 875 2578 καταφυτεῦσαι,
922 2512 1163 2580 παντοίῳ
1216 2511 1486 2576 τεθηλότα
1536 2515 1713 2578 φυτῷ·
1756 2506 1815 2559 ἐν

123 2599 337 2659 τούτοις
384 2595 432 2649 δ’
487 2594 629 2650 εἶναι
676 2596 766 2649 καὶ
814 2605 906 2664 τῆς
949 2600 1082 2664 ζωῆς
1130 2599 1190 2650 τὸ
1231 2599 1408 2666 φυτὸν
1448 2595 1538 2648 καὶ
1579 2597 1712 2648 ἄλλο
1754 2598 1813 2649 τὸ

123 2692 216 2752 τῆς
254 2687 595 2755 φρονήσεως,
636 2679 677 2756 ᾧ
721 2686 1105 2752 διεγινώσκετο
1146 2688 1202 2736 τί
1229 2681 1274 2736 τ’
1314 2689 1396 2752 εἴη
1438 2684 1686 2751 τάγαθὸν
1727 2683 1816 2737 καὶ

124 2776 181 2825 τί
221 2775 282 2826 τὸ
330 2776 520 2826 κακόν·
586 2773 729 2841 <38>
779 2775 856 2835 εἰς
904 2782 1099 2826 τοῦτον
1142 2769 1201 2824 δὲ
1249 2773 1346 2824 τὸν
1387 2779 1562 2839 κῆπον
1602 2773 1818 2840 εἰσαγα-

252 2878 276 2927 ἓ
305 2879 359 2918 33
389 2896 440 2910 =
469 2873 580 2917 Gen.
613 2873 656 2915 Π
688 2878 727 2916 2.
815 2878 839 2926 ξ
866 2879 920 2917 37
950 2896 1004 2910 =
1031 2872 1276 2916 Gen.118.
