2052 3141
833 81 1110 123 AETTEPA
1749 81 1819 133 93

130 213 225 283 δέ,
277 192 556 284 τολμηροῦ
602 209 772 266 τᾶλλα
827 216 927 282 τὴν
982 215 1153 283 φύσιν
1195 215 1422 284 ἀνδρός,
1473 214 1820 285 χρησαμένου

129 305 264 373 πρὸς
303 303 472 356 αὐτὸν
509 305 804 373 παρρησίᾳ,
844 303 916 364 ὡς
955 303 1023 356 οὐ
1067 311 1305 372 προσῆκε
1347 301 1448 372 μὲν
1488 304 1657 357 αὐτὸν
1696 303 1821 374 περὶ

129 390 406 460 τάδελφοῦ
441 388 701 458 δεδιέναι,
742 388 872 443 οὐδὲ
904 391 970 443 τὰ
1002 391 1074 459 μὴ
1110 378 1264 443 δεινὰ
1299 389 1369 443 δι’
1416 392 1654 455 ὑποψίας
1687 397 1820 461 λαμ-

128 480 339 548 βάνειν,
378 481 753 548 πραχθήσεται
786 480 890 549 γὰρ
925 477 1092 533 οὐδὲν
1125 490 1233 532 τῶν
1273 479 1396 548 περὶ
1437 483 1533 533 τὸν
1576 480 1821 550 ἀδελφὸν

81 582 102 614 5
128 563 170 640 ᾧ
213 570 284 637 μὴ
324 565 586 636 παρέσται
628 568 655 620 ὁ
696 571 855 636 θεός,
902 568 1084 635 <117>
1124 576 1285 621 τοῦτο
1336 566 1395 620 δὲ
1437 572 1820 637 συμβήσεσθαι

125 657 342 719 πάντως
374 655 464 709 καὶ
496 653 624 724 παρ’
664 656 809 727 αὐτῷ
846 655 1086 724 μένοντι,
1127 658 1373 725 φανερὰν
1417 655 1465 709 δ’
1514 658 1686 720 οὕτως
1725 659 1820 710 αὐ-

125 754 236 797 τῶν
270 743 546 797 ἀπώλειαν
572 745 643 811 μὴ
677 744 1072 811 καταδικάζειν,
1113 741 1249 812 μηδὲ
1283 746 1382 812 τὴν
1415 744 1474 797 ἐκ
1501 748 1820 815 Φαραώθου

124 840 217 899 τῆς
255 840 463 901 τροφῆς
501 832 765 901 εὐπορίαν
807 833 1006 895 αὐτοὺς
1047 832 1406 902 ἀφαιρεῖσθαι
1447 833 1658 902 ἀλόγως
1696 834 1819 904 περὶ

124 928 222 973 τοῦ
269 922 465 982 παιδὸς
506 921 759 989 δεδιότα,
801 923 1118 989 φροντίζειν
1161 918 1220 973 δὲ
1260 920 1350 973 καὶ
1390 930 1483 989 τῆς
1522 927 1821 991 Συμεῶνος

60 1022 101 1053 10
127 1011 420 1077 σωτηριάς,
469 1010 540 1076 μὴ
589 1010 778 1077 φειδοῖ
820 1017 913 1077 τῆς
951 1007 1219 1077 Βενιαμὶν
1268 1009 1574 1078 ἀποδημίας
1615 1011 1821 1075 ἐκεῖνος

126 1096 412 1165 ἀπόληται,
443 1106 730 1150 πιστεῦσαι
764 1094 823 1150 δὲ
855 1097 978 1166 περὶ
1019 1098 1191 1151 αὐτοῦ
1224 1106 1296 1170 τῷ
1330 1104 1444 1170 θεῷ
1487 1109 1820 1169 παραινοῦν-

124 1205 246 1253 τος,
292 1186 364 1247 ὡς
404 1185 573 1238 αὐτοῦ
622 1185 653 1254 ἢ
703 1194 851 1257 σῷον
892 1186 1258 1249 ἐπανάξοντος
1298 1189 1394 1239 τὸν
1434 1188 1560 1240 υἱὸν
1600 1188 1745 1260 αὐτῷ
1788 1189 1820 1258 ἢ

127 1272 702 1342 συγκαταστρέψοντος
753 1273 842 1342 ἅμ’
899 1269 1088 1347 ἐκείνῳ
1137 1278 1233 1328 τὸν
1282 1279 1438 1344 βίον,
1485 1277 1668 1343 <118>
1707 1294 1821 1328 πει-

127 1361 281 1424 σθεὶς
316 1359 572 1431 Ἰάκωβος
602 1365 904 1431 παρεδίδου
938 1366 1033 1416 τὸν
1066 1367 1353 1432 Βενιαμίν,
1394 1363 1483 1416 καὶ
1522 1366 1621 1432 τὴν
1659 1367 1820 1433 τιμὴν

60 1463 100 1496 15
125 1459 223 1503 τοῦ
272 1452 427 1503 σίτου
477 1452 831 1518 διπλασίονα,
878 1462 987 1504 τῶν
1035 1472 1089 1504 τε
1138 1453 1285 1521 παρὰ
1333 1462 1446 1515 τοῖς
1477 1457 1822 1516 ΔΧαναναιόις

126 1536 491 1607 γεννωμένων
546 1542 606 1591 τό
661 1559 716 1591 τε
773 1548 866 1608 τῆς
920 1541 1166 1608 βαλάνου
1217 1542 1394 1609 μύρον
1443 1540 1534 1594 καὶ
1586 1544 1820 1611 στακτὴν

125 1624 452 1696 τερέβινθόν
513 1646 569 1679 τε
640 1626 730 1679 καὶ
793 1626 912 1696 μέλι
983 1630 1193 1698 δωρεὰς
1257 1627 1501 1702 Ἰωσήπῳ
1563 1634 1820 1700 κομίζειν.

125 1717 301 1769 πολλὰ
358 1713 405 1767 δ’
462 1710 531 1782 ἧν
585 1717 731 1785 παρὰ
786 1724 885 1769 τοῦ
939 1719 1142 1786 πατρὸς
1191 1716 1277 1770 ἐπὶ
1325 1725 1387 1786 τῇ
1444 1728 1553 1770 τῶν
1605 1721 1821 1772 παίδων

128 1803 299 1876 ἐξόδῳ
333 1803 564 1871 δάκρυα,
604 1803 874 1856 κάκείνων
908 1805 1111 1857 αὐτῶν·
1154 1806 1335 1873 <119>
1363 1805 1390 1858 ὃ
1424 1803 1525 1874 μὲν
1558 1808 1661 1876 γὰρ
1695 1810 1822 1871 τοὺς

62 1906 104 1937 20
126 1893 285 1954 υἱοὺς
316 1894 367 1944 εἰ
396 1900 664 1960 κομιεῖται
697 1890 876 1963 σῳόυς
909 1892 967 1945 ἐκ
1007 1902 1099 1961 τῆς
1138 1893 1446 1962 ἀποδημίας
1486 1894 1821 1965 ἐφρόντιζεν,

128 1984 185 2034 οἳ
213 1979 293 2048 δέ,
333 1982 384 2032 εί
413 1982 512 2033 τὸν
543 1978 748 2050 πατέρα
779 1982 1139 2050 καταλάβοιεν
1174 1981 1487 2051 ἐρρωμένον
1520 1982 1609 2035 καὶ
1649 1982 1821 2054 μηδὲν

126 2069 234 2122 ὑπὸ
280 2076 374 2137 τῆς
421 2065 502 2121 ἐπ’
557 2069 742 2132 αὐτοῖς
789 2071 964 2139 λύπης
1010 2057 1345 2123 κακωθέντα.
1422 2072 1723 2142 ἡμερήσιον
1765 2071 1814 2126 δ’

127 2157 313 2220 αὐτοῖς
343 2158 564 2226 ἠνύσθη
597 2161 659 2211 τὸ
691 2157 912 2222 πένθος.
991 2159 1081 2213 καὶ
1114 2161 1141 2214 ὁ
1176 2157 1276 2229 μὲν
1308 2162 1615 2230 πρεσβύτης
1646 2181 1821 2216 κοπω-

126 2243 249 2307 θεὶς
279 2244 570 2314 ὑπέμενεν,
611 2250 667 2300 οἳ
705 2246 754 2300 δ’
802 2248 1046 2318 ἐχώρουν
1087 2250 1186 2317 τὴν
1229 2247 1308 2301 ἐπ’
1343 2254 1649 2319 Αἴγυπτον,
1689 2253 1822 2319 μετὰ

62 2346 104 2379 25
128 2336 437 2402 κρείττονος
462 2334 683 2398 ἐλπίδος
707 2338 807 2404 τὴν
834 2336 920 2389 ἐπὶ
945 2347 1057 2400 τοῖς
1081 2347 1321 2407 παροῦσι
1361 2340 1539 2407 λύπην
1581 2340 1819 2408 ἰώμενοι.

239 2422 421 2491 <120>
461 2423 533 2485 ὡς
573 2422 625 2475 δ’
671 2421 853 2492 ἦλθον
893 2428 970 2488 εἰς
1008 2428 1108 2494 τὴν
1149 2433 1454 2494 Αἴγυπτον,
1493 2428 1821 2496 κατάγονται

129 2506 229 2578 μὲν
261 2511 406 2580 παρὰ
438 2512 535 2563 τὸν
569 2509 855 2581 Ἰώσηπον,
895 2516 1068 2582 φόβος
1101 2512 1150 2566 δ’
1191 2515 1391 2578 αὐτοὺς
1430 2515 1529 2585 οὐχ
1571 2516 1599 2569 ὁ
1639 2518 1821 2586 τυχὼν

130 2598 440 2668 διετάραττε
497 2600 568 2668 μὴ
623 2599 747 2670 περὶ
801 2610 895 2670 τῆς
947 2611 1046 2655 τοῦ
1102 2606 1256 2656 σίτου
1311 2611 1466 2672 τιμῆς
1515 2603 1822 2674 ἐγκλήματα

130 2686 372 2755 λάβωσιν
430 2688 502 2750 ὡς
550 2688 710 2742 αὐτοί
750 2710 801 2741 τι
849 2695 1364 2760 κεκακουργηκότες·
1412 2691 1502 2744 καὶ
1550 2696 1685 2762 πρὸς
1724 2697 1821 2748 τὸν

63 2788 106 2820 30
129 2778 328 2842 ταμίαν
389 2783 489 2828 τοῦ
546 2773 813 2845 Ἰωσήπου
875 2781 1086 2847 πολλὴν
1143 2779 1446 2848 ἀπολογίαν
1511 2780 1820 2852 ἐποιοῦντο,

248 2879 271 2928 ἓ
307 2881 388 2919 117
416 2898 472 2913 =
496 2876 606 2921 Gen.
640 2877 786 2920 XLIII
819 2883 857 2923 9.
