<?xml version="1.0" encoding="UTF-8"?>
<!DOCTYPE html PUBLIC "-//W3C//DTD XHTML 1.0 Transitional//EN"
    "http://www.w3.org/TR/xhtml1/DTD/xhtml1-transitional.dtd">
<html xmlns="http://www.w3.org/1999/xhtml" xml:lang="en" lang="en">
 <head>
  <title>
</title>
<meta http-equiv="Content-Type" content="text/html;charset=utf-8" />
  <meta name='ocr-system' content='tesseract 3.04.00' />
  <meta name='ocr-capabilities' content='ocr_page ocr_carea ocr_par ocr_line ocrx_word'/>
</head>
<body>
  <div class='ocr_page' id='page_1' title='image "./flaviiiosephiope01joseuoft_0327.png"; bbox 0 0 2052 3141; ppageno 0'>
   <div class='ocr_carea' id='block_1_1' title="bbox 838 43 1815 95">
    <p class='ocr_par' dir='ltr' id='par_1_1' title="bbox 838 43 1815 95">
     <span class='ocr_line' id='line_1_1' title="bbox 838 43 1815 95; baseline 0.014 -14"><span class='ocrx_word' id='word_1_1' title='bbox 838 43 1102 83; x_wconf 84' lang='lat' dir='ltr'><strong>HEMHTH</strong></span> <span class='ocrx_word' id='word_1_2' title='bbox 1708 43 1815 95; x_wconf 82' lang='lat'><strong><em>293</em></strong></span> 
     </span>
    </p>
   </div>
   <div class='ocr_carea' id='block_1_2' title="bbox 51 174 1815 2887">
    <p class='ocr_par' dir='ltr' id='par_1_2' title="bbox 51 174 1815 2887">
     <span class='ocr_line' id='line_1_2' title="bbox 129 174 1815 246; baseline 0.001 -17"><span class='ocrx_word' id='word_1_3' title='bbox 129 176 336 244; x_wconf 84' lang='grc' dir='ltr'><strong><em>ὁμοίων</em></strong></span> <span class='ocrx_word' id='word_1_4' title='bbox 374 175 723 244; x_wconf 85' lang='grc' dir='ltr'><strong><em>πειρώμενος.</em></strong></span> <span class='ocrx_word' id='word_1_5' title='bbox 800 174 982 243; x_wconf 82' lang='grc'>&lt;137&gt;</span> <span class='ocrx_word' id='word_1_6' title='bbox 1022 175 1319 245; x_wconf 71' lang='grc' dir='ltr'><em>ἀλλοτρίως</em></span> <span class='ocrx_word' id='word_1_7' title='bbox 1360 174 1407 229; x_wconf 89' lang='grc' dir='ltr'><strong><em>δ’</em></strong></span> <span class='ocrx_word' id='word_1_8' title='bbox 1456 177 1623 244; x_wconf 83' lang='grc' dir='ltr'><strong><em>αὐτῆς</em></strong></span> <span class='ocrx_word' id='word_1_9' title='bbox 1663 176 1815 246; x_wconf 87' lang='grc' dir='ltr'><strong><em>ε’χού-</em></strong></span> 
     </span>
     <span class='ocr_line' id='line_1_3' title="bbox 128 262 1813 337; baseline 0.001 -20"><span class='ocrx_word' id='word_1_10' title='bbox 128 279 226 332; x_wconf 90' lang='grc' dir='ltr'><strong><em>σης</em></strong></span> <span class='ocrx_word' id='word_1_11' title='bbox 263 262 353 316; x_wconf 84' lang='grc' dir='ltr'><strong><em>καὶ</em></strong></span> <span class='ocrx_word' id='word_1_12' title='bbox 387 263 478 315; x_wconf 79' lang='grc' dir='ltr'><strong><em>διὰ</em></strong></span> <span class='ocrx_word' id='word_1_13' title='bbox 509 271 670 316; x_wconf 86' lang='grc' dir='ltr'><strong><em>τοῦτο</em></strong></span> <span class='ocrx_word' id='word_1_14' title='bbox 704 267 913 331; x_wconf 84' lang='grc' dir='ltr'><strong><em>μᾶλλον</em></strong></span> <span class='ocrx_word' id='word_1_15' title='bbox 947 263 1302 333; x_wconf 79' lang='grc' dir='ltr'><strong><em>ἐκκαιομένου</em></strong></span> <span class='ocrx_word' id='word_1_16' title='bbox 1342 274 1415 337; x_wconf 76' lang='grc' dir='ltr'><strong><em>τῷ</em></strong></span> <span class='ocrx_word' id='word_1_17' title='bbox 1457 266 1645 333; x_wconf 89' lang='grc' dir='ltr'><strong><em>πάθει,</em></strong></span> <span class='ocrx_word' id='word_1_18' title='bbox 1685 264 1813 334; x_wconf 89' lang='grc' dir='ltr'><strong><em>μέμ-</em></strong></span> 
     </span>
     <span class='ocr_line' id='line_1_4' title="bbox 127 351 1814 423; baseline 0.002 -20"><span class='ocrx_word' id='word_1_19' title='bbox 127 362 248 415; x_wconf 80' lang='grc' dir='ltr'><strong><em>ψεις</em></strong></span> <span class='ocrx_word' id='word_1_20' title='bbox 287 361 532 421; x_wconf 80' lang='grc' dir='ltr'><em>συνεχεῖς</em></span> <span class='ocrx_word' id='word_1_21' title='bbox 573 351 759 414; x_wconf 77' lang='grc' dir='ltr'><strong><em>αὐτοῖς</em></strong></span> <span class='ocrx_word' id='word_1_22' title='bbox 791 351 1064 419; x_wconf 84' lang='grc' dir='ltr'><strong><em>ε’γίνοντο·</em></strong></span> <span class='ocrx_word' id='word_1_23' title='bbox 1105 352 1194 405; x_wconf 85' lang='grc' dir='ltr'><strong><em>καὶ</em></strong></span> <span class='ocrx_word' id='word_1_24' title='bbox 1225 352 1386 416; x_wconf 86' lang='grc' dir='ltr'><strong><em>τέλος</em></strong></span> <span class='ocrx_word' id='word_1_25' title='bbox 1424 354 1456 421; x_wconf 79' lang='grc' dir='ltr'>ἡ</span> <span class='ocrx_word' id='word_1_26' title='bbox 1491 356 1638 423; x_wconf 81' lang='grc' dir='ltr'><strong><em>’γυνὴ</em></strong></span> <span class='ocrx_word' id='word_1_27' title='bbox 1678 356 1814 423; x_wconf 90' lang='grc' dir='ltr'><strong><em>πρὸς</em></strong></span> 
     </span>
     <span class='ocr_line' id='line_1_5' title="bbox 127 438 1815 511; baseline 0.002 -19"><span class='ocrx_word' id='word_1_28' title='bbox 127 441 292 503; x_wconf 83' lang='grc' dir='ltr'><strong><em>αὐτὰς</em></strong></span> <span class='ocrx_word' id='word_1_29' title='bbox 329 438 711 509; x_wconf 77' lang='grc' dir='ltr'><em>βαρυνομένη,</em></span> <span class='ocrx_word' id='word_1_30' title='bbox 750 444 1124 493; x_wconf 90' lang='grc' dir='ltr'><strong><em>καταλιποῦσα</em></strong></span> <span class='ocrx_word' id='word_1_31' title='bbox 1163 443 1260 494; x_wconf 91' lang='grc' dir='ltr'><strong><em>τὸν</em></strong></span> <span class='ocrx_word' id='word_1_32' title='bbox 1300 443 1476 511; x_wconf 78' lang='grc' dir='ltr'><strong><em>ἄνδρα</em></strong></span> <span class='ocrx_word' id='word_1_33' title='bbox 1514 445 1650 511; x_wconf 90' lang='grc' dir='ltr'><strong><em>πρὸς</em></strong></span> <span class='ocrx_word' id='word_1_34' title='bbox 1687 445 1815 505; x_wconf 87' lang='grc' dir='ltr'><strong><em>τοὺς</em></strong></span> 
     </span>
     <span class='ocr_line' id='line_1_6' title="bbox 83 527 1813 601; baseline 0.001 -20"><span class='ocrx_word' id='word_1_35' title='bbox 83 538 309 596; x_wconf 74' lang='grc' dir='ltr'><strong><em>ὃγονεῖς</em></strong></span> <span class='ocrx_word' id='word_1_36' title='bbox 346 531 701 598; x_wconf 90' lang='grc' dir='ltr'><strong><em>παραγίνεται</em></strong></span> <span class='ocrx_word' id='word_1_37' title='bbox 741 527 872 597; x_wconf 86' lang='grc' dir='ltr'><strong><em>μηνὶ</em></strong></span> <span class='ocrx_word' id='word_1_38' title='bbox 919 529 1168 601; x_wconf 77' lang='grc' dir='ltr'><strong><em>τετάρτῳ.</em></strong></span> <span class='ocrx_word' id='word_1_39' title='bbox 1246 534 1489 598; x_wconf 87' lang='grc' dir='ltr'><strong><em>χαλεπῶς</em></strong></span> <span class='ocrx_word' id='word_1_40' title='bbox 1529 528 1589 582; x_wconf 93' lang='grc' dir='ltr'><strong><em>δε</em></strong></span> <span class='ocrx_word' id='word_1_41' title='bbox 1628 529 1813 600; x_wconf 90' lang='grc' dir='ltr'><strong><em>φέρων</em></strong></span> 
     </span>
     <span class='ocr_line' id='line_1_7' title="bbox 126 613 1812 688; baseline 0.003 -21"><span class='ocrx_word' id='word_1_42' title='bbox 126 615 265 686; x_wconf 80' lang='grc' dir='ltr'><strong><em>ἀνὴρ</em></strong></span> <span class='ocrx_word' id='word_1_43' title='bbox 323 615 409 669; x_wconf 87' lang='grc' dir='ltr'><strong><em>ε’πὶ</em></strong></span> <span class='ocrx_word' id='word_1_44' title='bbox 462 624 535 688; x_wconf 77' lang='grc' dir='ltr'><strong><em>τῷ</em></strong></span> <span class='ocrx_word' id='word_1_45' title='bbox 587 619 746 686; x_wconf 80' lang='grc' dir='ltr'><strong><em>ἔρωτι</em></strong></span> <span class='ocrx_word' id='word_1_46' title='bbox 803 613 898 684; x_wconf 81' lang='grc' dir='ltr'><strong><em>ἧκε</em></strong></span> <span class='ocrx_word' id='word_1_47' title='bbox 953 619 1087 683; x_wconf 89' lang='grc' dir='ltr'><strong><em>πρὸς</em></strong></span> <span class='ocrx_word' id='word_1_48' title='bbox 1140 620 1268 680; x_wconf 89' lang='grc' dir='ltr'><strong><em>τοὺς</em></strong></span> <span class='ocrx_word' id='word_1_49' title='bbox 1320 621 1662 688; x_wconf 89' lang='grc' dir='ltr'><strong><em>πενθερούς,</em></strong></span> <span class='ocrx_word' id='word_1_50' title='bbox 1723 618 1812 672; x_wconf 85' lang='grc' dir='ltr'><strong><em>καὶ</em></strong></span> 
     </span>
     <span class='ocr_line' id='line_1_8' title="bbox 126 703 1812 777; baseline 0.001 -20"><span class='ocrx_word' id='word_1_51' title='bbox 126 705 525 773; x_wconf 88' lang='grc' dir='ltr'><strong><em>διαλυσάμενος</em></strong></span> <span class='ocrx_word' id='word_1_52' title='bbox 573 706 665 767; x_wconf 85' lang='grc' dir='ltr'><strong><em>τὰς</em></strong></span> <span class='ocrx_word' id='word_1_53' title='bbox 712 703 939 773; x_wconf 79' lang='grc' dir='ltr'><strong><em>μέμψεις</em></strong></span> <span class='ocrx_word' id='word_1_54' title='bbox 983 707 1399 759; x_wconf 77' lang='grc' dir='ltr'><strong><em>καταλλάττεται</em></strong></span> <span class='ocrx_word' id='word_1_55' title='bbox 1448 710 1584 777; x_wconf 88' lang='grc' dir='ltr'><strong><em>πρὸς</em></strong></span> <span class='ocrx_word' id='word_1_56' title='bbox 1623 708 1812 776; x_wconf 83' lang='grc' dir='ltr'><strong><em>αὐτήν.</em></strong></span> 
     </span>
     <span class='ocr_line' id='line_1_9' title="bbox 125 790 1812 864; baseline 0.002 -19"><span class='ocrx_word' id='word_1_57' title='bbox 125 793 306 861; x_wconf 75' lang='grc'>(138)</span> <span class='ocrx_word' id='word_1_58' title='bbox 338 792 426 845; x_wconf 89' lang='grc' dir='ltr'><strong><em>καὶ</em></strong></span> <span class='ocrx_word' id='word_1_59' title='bbox 459 791 712 862; x_wconf 74' lang='grc' dir='ltr'><strong><em>τέτταρας</em></strong></span> <span class='ocrx_word' id='word_1_60' title='bbox 743 790 843 862; x_wconf 74' lang='grc' dir='ltr'><strong><em>μὲν</em></strong></span> <span class='ocrx_word' id='word_1_61' title='bbox 874 792 1075 862; x_wconf 82' lang='grc' dir='ltr'><strong><em>ἡμέρας</em></strong></span> <span class='ocrx_word' id='word_1_62' title='bbox 1108 795 1307 848; x_wconf 78' lang='grc' dir='ltr'><strong><em>αὐτόθι</em></strong></span> <span class='ocrx_word' id='word_1_63' title='bbox 1348 796 1615 848; x_wconf 78' lang='grc' dir='ltr'><strong><em>διαιτᾶται</em></strong></span> <span class='ocrx_word' id='word_1_64' title='bbox 1656 800 1812 864; x_wconf 93' lang='grc' dir='ltr'><strong><em>φιλο-</em></strong></span> 
     </span>
     <span class='ocr_line' id='line_1_10' title="bbox 119 879 1812 954; baseline 0.002 -21"><span class='ocrx_word' id='word_1_65' title='bbox 119 879 524 949; x_wconf 87' lang='grc' dir='ltr'><strong><em>φρονουμένων</em></strong></span> <span class='ocrx_word' id='word_1_66' title='bbox 564 882 732 934; x_wconf 88' lang='grc' dir='ltr'><strong><em>αὐτὸν</em></strong></span> <span class='ocrx_word' id='word_1_67' title='bbox 771 891 882 934; x_wconf 86' lang='grc' dir='ltr'><strong><em>τῶν</em></strong></span> <span class='ocrx_word' id='word_1_68' title='bbox 921 881 1149 951; x_wconf 79' lang='grc' dir='ltr'><strong><em>γονέων,</em></strong></span> <span class='ocrx_word' id='word_1_69' title='bbox 1188 891 1252 952; x_wconf 76' lang='grc' dir='ltr'><strong><em>τῇ</em></strong></span> <span class='ocrx_word' id='word_1_70' title='bbox 1294 880 1354 935; x_wconf 73' lang='grc' dir='ltr'><strong><em>δὲ</em></strong></span> <span class='ocrx_word' id='word_1_71' title='bbox 1392 883 1603 954; x_wconf 80' lang='grc' dir='ltr'><strong><em>πέμπτῃ</em></strong></span> <span class='ocrx_word' id='word_1_72' title='bbox 1646 884 1812 948; x_wconf 79' lang='grc' dir='ltr'><strong><em>δόξαν</em></strong></span> 
     </span>
     <span class='ocr_line' id='line_1_11' title="bbox 59 966 1809 1042; baseline 0.004 -23"><span class='ocrx_word' id='word_1_73' title='bbox 59 984 100 1015; x_wconf 80' lang='lat'><strong><em>10</em></strong></span> <span class='ocrx_word' id='word_1_74' title='bbox 125 966 340 1020; x_wconf 81' lang='grc' dir='ltr'><strong><em>ἀπιέναι</em></strong></span> <span class='ocrx_word' id='word_1_75' title='bbox 387 971 522 1037; x_wconf 91' lang='grc' dir='ltr'><strong><em>πρὸς</em></strong></span> <span class='ocrx_word' id='word_1_76' title='bbox 572 969 741 1022; x_wconf 85' lang='grc' dir='ltr'><strong><em>αὑτὸν</em></strong></span> <span class='ocrx_word' id='word_1_77' title='bbox 788 969 913 1039; x_wconf 83' lang='grc' dir='ltr'><strong><em>περὶ</em></strong></span> <span class='ocrx_word' id='word_1_78' title='bbox 961 972 1149 1040; x_wconf 91' lang='grc' dir='ltr'><strong><em>δείλην</em></strong></span> <span class='ocrx_word' id='word_1_79' title='bbox 1190 971 1375 1034; x_wconf 81' lang='grc' dir='ltr'><strong><em>ἔξεισι·</em></strong></span> <span class='ocrx_word' id='word_1_80' title='bbox 1432 973 1667 1042; x_wconf 76' lang='grc' dir='ltr'><strong><em>βράδιον</em></strong></span> <span class='ocrx_word' id='word_1_81' title='bbox 1706 974 1809 1041; x_wconf 82' lang='grc' dir='ltr'><strong><em>γὰρ</em></strong></span> 
     </span>
     <span class='ocr_line' id='line_1_12' title="bbox 123 1055 1811 1131; baseline 0.003 -23"><span class='ocrx_word' id='word_1_82' title='bbox 123 1055 363 1110; x_wconf 76' lang='grc' dir='ltr'><strong><em>ἀπέλυον</em></strong></span> <span class='ocrx_word' id='word_1_83' title='bbox 411 1058 469 1110; x_wconf 74' lang='grc' dir='ltr'><strong><em>οἱ</em></strong></span> <span class='ocrx_word' id='word_1_84' title='bbox 510 1067 692 1124; x_wconf 79' lang='grc' dir='ltr'><strong><em>γονεῖς</em></strong></span> <span class='ocrx_word' id='word_1_85' title='bbox 738 1059 839 1126; x_wconf 86' lang='grc' dir='ltr'><strong><em>τὴν</em></strong></span> <span class='ocrx_word' id='word_1_86' title='bbox 876 1058 1158 1129; x_wconf 78' lang='grc' dir='ltr'><strong><em>θυγατέρα</em></strong></span> <span class='ocrx_word' id='word_1_87' title='bbox 1197 1059 1287 1112; x_wconf 80' lang='grc' dir='ltr'><strong><em>καὶ</em></strong></span> <span class='ocrx_word' id='word_1_88' title='bbox 1327 1068 1421 1128; x_wconf 90' lang='grc' dir='ltr'><strong><em>τῆς</em></strong></span> <span class='ocrx_word' id='word_1_89' title='bbox 1458 1059 1661 1131; x_wconf 82' lang='grc' dir='ltr'><strong><em>ἡμέρας</em></strong></span> <span class='ocrx_word' id='word_1_90' title='bbox 1699 1082 1811 1131; x_wconf 92' lang='grc' dir='ltr'><strong><em>τρι-</em></strong></span> 
     </span>
     <span class='ocr_line' id='line_1_13' title="bbox 122 1143 1811 1226; baseline 0.004 -29"><span class='ocrx_word' id='word_1_91' title='bbox 122 1146 228 1214; x_wconf 87' lang='grc' dir='ltr'><strong><em>βὴν</em></strong></span> <span class='ocrx_word' id='word_1_92' title='bbox 284 1144 588 1199; x_wconf 82' lang='grc' dir='ltr'><strong><em>ἐποιοῦντο.</em></strong></span> <span class='ocrx_word' id='word_1_93' title='bbox 665 1148 928 1226; x_wconf 82' lang='grc' dir='ltr'><strong><em>θεράπων</em></strong></span> <span class='ocrx_word' id='word_1_94' title='bbox 981 1146 1038 1200; x_wconf 83' lang='grc' dir='ltr'><strong><em>δ’</em></strong></span> <span class='ocrx_word' id='word_1_95' title='bbox 1093 1148 1278 1212; x_wconf 80' lang='grc' dir='ltr'><strong><em>αὑτοῖς</em></strong></span> <span class='ocrx_word' id='word_1_96' title='bbox 1325 1143 1401 1212; x_wconf 81' lang='grc' dir='ltr'><strong><em>εἷς</em></strong></span> <span class='ocrx_word' id='word_1_97' title='bbox 1447 1152 1659 1217; x_wconf 80' lang='grc' dir='ltr'><strong><em>εἵπετο,</em></strong></span> <span class='ocrx_word' id='word_1_98' title='bbox 1721 1150 1811 1202; x_wconf 83' lang='grc' dir='ltr'><strong><em>καὶ</em></strong></span> 
     </span>
     <span class='ocr_line' id='line_1_14' title="bbox 123 1230 1810 1306; baseline 0.003 -20"><span class='ocrx_word' id='word_1_99' title='bbox 123 1235 252 1296; x_wconf 91' lang='grc' dir='ltr'><strong><em>όνος</em></strong></span> <span class='ocrx_word' id='word_1_100' title='bbox 290 1230 360 1302; x_wconf 75' lang='grc' dir='ltr'><strong><em>ἦν</em></strong></span> <span class='ocrx_word' id='word_1_101' title='bbox 392 1234 596 1301; x_wconf 80' lang='grc' dir='ltr'><strong><em>αὐτοῖς,</em></strong></span> <span class='ocrx_word' id='word_1_102' title='bbox 636 1232 720 1303; x_wconf 81' lang='grc' dir='ltr'><strong><em>ἐφ’</em></strong></span> <span class='ocrx_word' id='word_1_103' title='bbox 760 1231 822 1302; x_wconf 81' lang='grc' dir='ltr'><strong><em>ἧς</em></strong></span> <span class='ocrx_word' id='word_1_104' title='bbox 863 1235 1052 1305; x_wconf 78' lang='grc' dir='ltr'><strong><em>ὠχεῖτο</em></strong></span> <span class='ocrx_word' id='word_1_105' title='bbox 1092 1239 1152 1290; x_wconf 88' lang='grc' dir='ltr'><strong><em>τὸ</em></strong></span> <span class='ocrx_word' id='word_1_106' title='bbox 1194 1238 1441 1304; x_wconf 90' lang='grc' dir='ltr'><strong><em>γύναιον.</em></strong></span> <span class='ocrx_word' id='word_1_107' title='bbox 1519 1239 1699 1306; x_wconf 80' lang='grc'>&lt;139&gt;</span> <span class='ocrx_word' id='word_1_108' title='bbox 1725 1258 1810 1305; x_wconf 87' lang='grc' dir='ltr'><strong><em>γε-</em></strong></span> 
     </span>
     <span class='ocr_line' id='line_1_15' title="bbox 121 1320 1811 1397; baseline 0.004 -23"><span class='ocrx_word' id='word_1_109' title='bbox 121 1320 372 1390; x_wconf 87' lang='grc' dir='ltr'><strong><em>νομένων</em></strong></span> <span class='ocrx_word' id='word_1_110' title='bbox 413 1320 466 1374; x_wconf 80' lang='grc' dir='ltr'><strong><em>δ’</em></strong></span> <span class='ocrx_word' id='word_1_111' title='bbox 515 1323 696 1375; x_wconf 84' lang='grc' dir='ltr'><strong><em>αὐτῶν</em></strong></span> <span class='ocrx_word' id='word_1_112' title='bbox 728 1343 861 1375; x_wconf 89' lang='grc' dir='ltr'><strong><em>κατα</em></strong></span> <span class='ocrx_word' id='word_1_113' title='bbox 893 1322 1248 1394; x_wconf 82' lang='grc' dir='ltr'><strong><em>Ἱεροσόλυμα</em></strong></span> <span class='ocrx_word' id='word_1_114' title='bbox 1289 1325 1569 1397; x_wconf 80' lang='grc' dir='ltr'><strong><em>(σταδιους</em></strong></span> <span class='ocrx_word' id='word_1_115' title='bbox 1602 1325 1649 1378; x_wconf 83' lang='grc' dir='ltr'><strong><em>δ’</em></strong></span> <span class='ocrx_word' id='word_1_116' title='bbox 1691 1326 1811 1395; x_wconf 85' lang='grc' dir='ltr'><strong><em>ἐλη-</em></strong></span> 
     </span>
     <span class='ocr_line' id='line_1_16' title="bbox 56 1410 1810 1485; baseline 0.004 -25"><span class='ocrx_word' id='word_1_117' title='bbox 56 1425 97 1457; x_wconf 87' lang='lat'><strong><em>15</em></strong></span> <span class='ocrx_word' id='word_1_118' title='bbox 122 1411 368 1463; x_wconf 92' lang='grc' dir='ltr'><strong><em>λύθεσαν</em></strong></span> <span class='ocrx_word' id='word_1_119' title='bbox 399 1412 504 1479; x_wconf 77' lang='grc' dir='ltr'><strong><em>ἤδη</em></strong></span> <span class='ocrx_word' id='word_1_120' title='bbox 531 1410 845 1481; x_wconf 87' lang='grc' dir='ltr'><strong><em>τριάκοντα)</em></strong></span> <span class='ocrx_word' id='word_1_121' title='bbox 882 1415 1282 1482; x_wconf 90' lang='grc' dir='ltr'><strong><em>συνεβούλευεν</em></strong></span> <span class='ocrx_word' id='word_1_122' title='bbox 1323 1416 1350 1469; x_wconf 89' lang='grc' dir='ltr'>ὁ</span> <span class='ocrx_word' id='word_1_123' title='bbox 1390 1416 1654 1485; x_wconf 88' lang='grc' dir='ltr'><strong><em>θεράπων</em></strong></span> <span class='ocrx_word' id='word_1_124' title='bbox 1687 1435 1810 1467; x_wconf 94' lang='grc' dir='ltr'><strong><em>κατ-</em></strong></span> 
     </span>
     <span class='ocr_line' id='line_1_17' title="bbox 121 1499 1810 1568; baseline 0.005 -19"><span class='ocrx_word' id='word_1_125' title='bbox 121 1501 366 1568; x_wconf 88' lang='grc' dir='ltr'><strong><em>αχθῆναί</em></strong></span> <span class='ocrx_word' id='word_1_126' title='bbox 392 1516 504 1566; x_wconf 90' lang='grc' dir='ltr'><strong><em>ποι,</em></strong></span> <span class='ocrx_word' id='word_1_127' title='bbox 529 1500 601 1567; x_wconf 85' lang='grc' dir='ltr'><strong><em>μὴ</em></strong></span> <span class='ocrx_word' id='word_1_128' title='bbox 628 1502 723 1551; x_wconf 90' lang='grc' dir='ltr'><strong><em>καί</em></strong></span> <span class='ocrx_word' id='word_1_129' title='bbox 742 1520 792 1552; x_wconf 92' lang='grc' dir='ltr'><strong><em>τι</em></strong></span> <span class='ocrx_word' id='word_1_130' title='bbox 824 1499 913 1552; x_wconf 85' lang='grc' dir='ltr'><strong><em>καὶ</em></strong></span> <span class='ocrx_word' id='word_1_131' title='bbox 938 1508 1032 1568; x_wconf 91' lang='grc' dir='ltr'><strong><em>τῆς</em></strong></span> <span class='ocrx_word' id='word_1_132' title='bbox 1055 1504 1251 1564; x_wconf 87' lang='grc' dir='ltr'><strong><em>νυκτὸς</em></strong></span> <span class='ocrx_word' id='word_1_133' title='bbox 1284 1502 1482 1565; x_wconf 85' lang='grc' dir='ltr'><strong><em>αὐτοὺς</em></strong></span> <span class='ocrx_word' id='word_1_134' title='bbox 1516 1504 1810 1567; x_wconf 72' lang='grc' dir='ltr'><strong><em>ὁδεύοντας</em></strong></span> 
     </span>
     <span class='ocr_line' id='line_1_18' title="bbox 120 1587 1809 1662; baseline 0.004 -23"><span class='ocrx_word' id='word_1_135' title='bbox 120 1588 395 1657; x_wconf 83' lang='grc' dir='ltr'><strong><em>καταλάβῃ</em></strong></span> <span class='ocrx_word' id='word_1_136' title='bbox 438 1588 737 1657; x_wconf 90' lang='grc' dir='ltr'><strong><em>δύσκολον,</em></strong></span> <span class='ocrx_word' id='word_1_137' title='bbox 784 1587 873 1641; x_wconf 87' lang='grc' dir='ltr'><strong><em>καὶ</em></strong></span> <span class='ocrx_word' id='word_1_138' title='bbox 912 1598 1080 1643; x_wconf 87' lang='grc' dir='ltr'><strong><em>ταῦτα</em></strong></span> <span class='ocrx_word' id='word_1_139' title='bbox 1133 1588 1264 1643; x_wconf 76' lang='grc' dir='ltr'><strong><em>οὐδὲ</em></strong></span> <span class='ocrx_word' id='word_1_140' title='bbox 1303 1595 1490 1662; x_wconf 92' lang='grc' dir='ltr'><strong><em>πόρρω</em></strong></span> <span class='ocrx_word' id='word_1_141' title='bbox 1531 1597 1809 1662; x_wconf 90' lang='grc' dir='ltr'><strong><em>πολεμίων</em></strong></span> 
     </span>
     <span class='ocr_line' id='line_1_19' title="bbox 121 1677 1810 1747; baseline 0.004 -20"><span class='ocrx_word' id='word_1_142' title='bbox 121 1677 298 1742; x_wconf 83' lang='grc' dir='ltr'><strong><em>ὄντας,</em></strong></span> <span class='ocrx_word' id='word_1_143' title='bbox 339 1684 437 1729; x_wconf 92' lang='grc' dir='ltr'><strong><em>τοῦ</em></strong></span> <span class='ocrx_word' id='word_1_144' title='bbox 469 1683 664 1745; x_wconf 88' lang='grc' dir='ltr'><strong><em>καιροῦ</em></strong></span> <span class='ocrx_word' id='word_1_145' title='bbox 697 1677 957 1739; x_wconf 89' lang='grc' dir='ltr'><strong><em>πολλάκις</em></strong></span> <span class='ocrx_word' id='word_1_146' title='bbox 997 1677 1267 1747; x_wconf 82' lang='grc' dir='ltr'><strong><em>ἐπισφαλῆ</em></strong></span> <span class='ocrx_word' id='word_1_147' title='bbox 1308 1679 1398 1732; x_wconf 84' lang='grc' dir='ltr'><strong><em>καὶ</em></strong></span> <span class='ocrx_word' id='word_1_148' title='bbox 1437 1681 1652 1733; x_wconf 78' lang='grc' dir='ltr'><strong><em>ὕποπτα</em></strong></span> <span class='ocrx_word' id='word_1_149' title='bbox 1690 1699 1810 1734; x_wconf 92' lang='grc' dir='ltr'><strong><em>ποι-</em></strong></span> 
     </span>
     <span class='ocr_line' id='line_1_20' title="bbox 121 1762 1806 1839; baseline 0.005 -24"><span class='ocrx_word' id='word_1_150' title='bbox 121 1771 315 1826; x_wconf 89' lang='grc' dir='ltr'><strong><em>οῦντος</em></strong></span> <span class='ocrx_word' id='word_1_151' title='bbox 338 1762 518 1816; x_wconf 81' lang='grc' dir='ltr'><strong><em>καὶτὰ</em></strong></span> <span class='ocrx_word' id='word_1_152' title='bbox 542 1768 692 1833; x_wconf 83' lang='grc' dir='ltr'><strong><em>φίλα.</em></strong></span> <span class='ocrx_word' id='word_1_153' title='bbox 770 1765 951 1833; x_wconf 82' lang='lat'>&lt;140&gt;</span> <span class='ocrx_word' id='word_1_154' title='bbox 987 1774 1060 1838; x_wconf 75' lang='grc' dir='ltr'><strong><em>τῷ</em></strong></span> <span class='ocrx_word' id='word_1_155' title='bbox 1096 1765 1144 1819; x_wconf 83' lang='grc' dir='ltr'><strong><em>δ’</em></strong></span> <span class='ocrx_word' id='word_1_156' title='bbox 1178 1767 1278 1820; x_wconf 84' lang='grc' dir='ltr'><strong><em>οὐκ</em></strong></span> <span class='ocrx_word' id='word_1_157' title='bbox 1313 1769 1511 1836; x_wconf 77' lang='grc' dir='ltr'><strong><em>ἤρεσεν</em></strong></span> <span class='ocrx_word' id='word_1_158' title='bbox 1546 1769 1578 1837; x_wconf 83' lang='grc' dir='ltr'>ἡ</span> <span class='ocrx_word' id='word_1_159' title='bbox 1618 1772 1806 1839; x_wconf 87' lang='grc' dir='ltr'><strong><em>γνώμη</em></strong></span> 
     </span>
     <span class='ocr_line' id='line_1_21' title="bbox 53 1850 1808 1928; baseline 0.003 -24"><span class='ocrx_word' id='word_1_160' title='bbox 53 1866 96 1899; x_wconf 81' lang='lat'><strong><em>20</em></strong></span> <span class='ocrx_word' id='word_1_161' title='bbox 120 1850 244 1921; x_wconf 79' lang='grc' dir='ltr'><strong><em>παρ’</em></strong></span> <span class='ocrx_word' id='word_1_162' title='bbox 299 1851 634 1922; x_wconf 82' lang='grc' dir='ltr'><strong><em>ἀλλοφύλοις</em></strong></span> <span class='ocrx_word' id='word_1_163' title='bbox 681 1852 913 1923; x_wconf 92' lang='grc' dir='ltr'><strong><em>ἀνδράσι</em></strong></span> <span class='ocrx_word' id='word_1_164' title='bbox 961 1854 1258 1918; x_wconf 79' lang='grc' dir='ltr'><strong><em>ξενοῦσθαι</em></strong></span> <span class='ocrx_word' id='word_1_165' title='bbox 1309 1855 1664 1927; x_wconf 78' lang='grc' dir='ltr'><strong><em>(Χαναναίων</em></strong></span> <span class='ocrx_word' id='word_1_166' title='bbox 1704 1860 1808 1928; x_wconf 79' lang='grc' dir='ltr'><strong><em>γὰρ</em></strong></span> 
     </span>
     <span class='ocr_line' id='line_1_22' title="bbox 118 1936 1808 2011; baseline 0.004 -19"><span class='ocrx_word' id='word_1_167' title='bbox 118 1936 188 2008; x_wconf 77' lang='grc' dir='ltr'><strong><em>ἧν</em></strong></span> <span class='ocrx_word' id='word_1_168' title='bbox 225 1940 258 2008; x_wconf 81' lang='grc' dir='ltr'>ἡ</span> <span class='ocrx_word' id='word_1_169' title='bbox 299 1939 505 2011; x_wconf 83' lang='grc' dir='ltr'><strong><em>πόλις),</em></strong></span> <span class='ocrx_word' id='word_1_170' title='bbox 553 1939 691 1993; x_wconf 82' lang='grc' dir='ltr'><strong><em>ἀλλά</em></strong></span> <span class='ocrx_word' id='word_1_171' title='bbox 737 1945 1113 2011; x_wconf 89' lang='grc' dir='ltr'><strong><em>προελθόντας</em></strong></span> <span class='ocrx_word' id='word_1_172' title='bbox 1158 1949 1329 1997; x_wconf 81' lang='grc' dir='ltr'><strong><em>εἴκοσι</em></strong></span> <span class='ocrx_word' id='word_1_173' title='bbox 1380 1946 1574 1998; x_wconf 91' lang='grc' dir='ltr'><strong><em>στάδια</em></strong></span> <span class='ocrx_word' id='word_1_174' title='bbox 1614 1949 1690 2009; x_wconf 81' lang='grc' dir='ltr'><strong><em>εἰς</em></strong></span> <span class='ocrx_word' id='word_1_175' title='bbox 1730 1949 1808 2000; x_wconf 83' lang='grc' dir='ltr'><strong><em>οἰ-</em></strong></span> 
     </span>
     <span class='ocr_line' id='line_1_23' title="bbox 117 2028 1807 2105; baseline 0.005 -25"><span class='ocrx_word' id='word_1_176' title='bbox 117 2031 272 2081; x_wconf 85' lang='grc' dir='ltr'><strong><em>κείαν</em></strong></span> <span class='ocrx_word' id='word_1_177' title='bbox 294 2028 451 2097; x_wconf 82' lang='grc' dir='ltr'><strong><em>ἠξίου</em></strong></span> <span class='ocrx_word' id='word_1_178' title='bbox 476 2030 811 2097; x_wconf 82' lang='grc' dir='ltr'><strong><em>κατάγεσθαι</em></strong></span> <span class='ocrx_word' id='word_1_179' title='bbox 842 2034 1020 2083; x_wconf 92' lang='grc' dir='ltr'><strong><em>πόλιν.</em></strong></span> <span class='ocrx_word' id='word_1_180' title='bbox 1098 2030 1188 2084; x_wconf 85' lang='grc' dir='ltr'><strong><em>καὶ</em></strong></span> <span class='ocrx_word' id='word_1_181' title='bbox 1220 2037 1490 2102; x_wconf 79' lang='grc' dir='ltr'><strong><em>κρατήσας</em></strong></span> <span class='ocrx_word' id='word_1_182' title='bbox 1520 2042 1583 2103; x_wconf 80' lang='grc' dir='ltr'><strong><em>τῆ</em></strong></span> <span class='ocrx_word' id='word_1_183' title='bbox 1617 2036 1807 2105; x_wconf 84' lang='grc' dir='ltr'><strong><em>γνώμῃ</em></strong></span> 
     </span>
     <span class='ocr_line' id='line_1_24' title="bbox 118 2118 1805 2192; baseline 0.005 -24"><span class='ocrx_word' id='word_1_184' title='bbox 118 2125 298 2186; x_wconf 82' lang='grc' dir='ltr'><strong><em>παρῆν</em></strong></span> <span class='ocrx_word' id='word_1_185' title='bbox 339 2118 416 2179; x_wconf 81' lang='grc' dir='ltr'><strong><em>εἰς</em></strong></span> <span class='ocrx_word' id='word_1_186' title='bbox 448 2118 636 2186; x_wconf 79' lang='grc' dir='ltr'><strong><em>Γαβὰν</em></strong></span> <span class='ocrx_word' id='word_1_187' title='bbox 676 2123 852 2186; x_wconf 82' lang='grc' dir='ltr'><strong><em>φυλῆς</em></strong></span> <span class='ocrx_word' id='word_1_188' title='bbox 883 2127 976 2187; x_wconf 90' lang='grc' dir='ltr'><strong><em>τῆς</em></strong></span> <span class='ocrx_word' id='word_1_189' title='bbox 1006 2123 1401 2189; x_wconf 90' lang='grc' dir='ltr'><strong><em>Βενιαμίτιδος.</em></strong></span> <span class='ocrx_word' id='word_1_190' title='bbox 1479 2124 1662 2191; x_wconf 83' lang='grc'>&lt;141&gt;</span> <span class='ocrx_word' id='word_1_191' title='bbox 1699 2126 1805 2192; x_wconf 76' lang='grc' dir='ltr'><strong><em>ἤδη</em></strong></span> 
     </span>
     <span class='ocr_line' id='line_1_25' title="bbox 120 2202 1806 2281; baseline 0.005 -25"><span class='ocrx_word' id='word_1_192' title='bbox 120 2202 169 2256; x_wconf 79' lang='grc' dir='ltr'><strong><em>δ’</em></strong></span> <span class='ocrx_word' id='word_1_193' title='bbox 217 2204 377 2267; x_wconf 82' lang='grc' dir='ltr'><strong><em>ὀψίας</em></strong></span> <span class='ocrx_word' id='word_1_194' title='bbox 423 2206 591 2273; x_wconf 80' lang='grc' dir='ltr'><strong><em>οὔσης</em></strong></span> <span class='ocrx_word' id='word_1_195' title='bbox 636 2204 726 2258; x_wconf 86' lang='grc' dir='ltr'><strong><em>καὶ</em></strong></span> <span class='ocrx_word' id='word_1_196' title='bbox 773 2208 1008 2275; x_wconf 90' lang='grc' dir='ltr'><strong><em>μηδενὸς</em></strong></span> <span class='ocrx_word' id='word_1_197' title='bbox 1056 2207 1142 2261; x_wconf 81' lang='grc' dir='ltr'><strong><em>ἐπὶ</em></strong></span> <span class='ocrx_word' id='word_1_198' title='bbox 1195 2207 1344 2271; x_wconf 82' lang='grc' dir='ltr'><strong><em>ξένια</em></strong></span> <span class='ocrx_word' id='word_1_199' title='bbox 1383 2218 1492 2261; x_wconf 83' lang='grc' dir='ltr'><strong><em>τῶν</em></strong></span> <span class='ocrx_word' id='word_1_200' title='bbox 1532 2212 1666 2263; x_wconf 77' lang='grc' dir='ltr'><strong><em>κατὰ</em></strong></span> <span class='ocrx_word' id='word_1_201' title='bbox 1705 2215 1806 2281; x_wconf 85' lang='grc' dir='ltr'><strong><em>τὴν</em></strong></span> 
     </span>
     <span class='ocr_line' id='line_1_26' title="bbox 53 2292 1805 2368; baseline 0.005 -24"><span class='ocrx_word' id='word_1_202' title='bbox 53 2307 94 2339; x_wconf 84' lang='lat'><strong><em>25</em></strong></span> <span class='ocrx_word' id='word_1_203' title='bbox 120 2292 328 2362; x_wconf 79' lang='grc' dir='ltr'><strong><em>ἀγορὰν</em></strong></span> <span class='ocrx_word' id='word_1_204' title='bbox 360 2293 530 2346; x_wconf 86' lang='grc' dir='ltr'><strong><em>αὐτὸν</em></strong></span> <span class='ocrx_word' id='word_1_205' title='bbox 561 2298 1027 2363; x_wconf 76' lang='grc' dir='ltr'><strong><em>παρακαλοῦντος,</em></strong></span> <span class='ocrx_word' id='word_1_206' title='bbox 1065 2299 1370 2366; x_wconf 84' lang='grc' dir='ltr'><strong><em>πρεσβύτης</em></strong></span> <span class='ocrx_word' id='word_1_207' title='bbox 1404 2297 1456 2361; x_wconf 81' lang='grc' dir='ltr'><strong><em>ἐξ</em></strong></span> <span class='ocrx_word' id='word_1_208' title='bbox 1485 2298 1658 2368; x_wconf 90' lang='grc' dir='ltr'><strong><em>ἀγροῦ</em></strong></span> <span class='ocrx_word' id='word_1_209' title='bbox 1682 2320 1805 2353; x_wconf 87' lang='grc' dir='ltr'><strong><em>κατ-</em></strong></span> 
     </span>
     <span class='ocr_line' id='line_1_27' title="bbox 120 2378 1807 2460; baseline 0.005 -27"><span class='ocrx_word' id='word_1_210' title='bbox 120 2382 247 2448; x_wconf 83' lang='grc' dir='ltr'><strong><em>ιών,</em></strong></span> <span class='ocrx_word' id='word_1_211' title='bbox 286 2389 380 2449; x_wconf 92' lang='grc' dir='ltr'><strong><em>τῆς</em></strong></span> <span class='ocrx_word' id='word_1_212' title='bbox 418 2378 518 2450; x_wconf 75' lang='grc' dir='ltr'><strong><em>μὲν</em></strong></span> <span class='ocrx_word' id='word_1_213' title='bbox 550 2380 959 2452; x_wconf 83' lang='grc' dir='ltr'><strong><em>Ἐφραϊμίτιδος</em></strong></span> <span class='ocrx_word' id='word_1_214' title='bbox 1006 2389 1183 2453; x_wconf 89' lang='grc' dir='ltr'><strong><em>φυλῆς</em></strong></span> <span class='ocrx_word' id='word_1_215' title='bbox 1223 2386 1300 2438; x_wconf 80' lang='grc' dir='ltr'><strong><em>ὢν</em></strong></span> <span class='ocrx_word' id='word_1_216' title='bbox 1341 2385 1401 2438; x_wconf 83' lang='grc' dir='ltr'><strong><em>ἐν</em></strong></span> <span class='ocrx_word' id='word_1_217' title='bbox 1443 2383 1504 2438; x_wconf 75' lang='grc' dir='ltr'><strong><em>δὲ</em></strong></span> <span class='ocrx_word' id='word_1_218' title='bbox 1542 2396 1605 2457; x_wconf 79' lang='grc' dir='ltr'><strong><em>τῆ</em></strong></span> <span class='ocrx_word' id='word_1_219' title='bbox 1650 2391 1807 2460; x_wconf 80' lang='grc' dir='ltr'><strong><em>Γαβᾷ</em></strong></span> 
     </span>
     <span class='ocr_line' id='line_1_28' title="bbox 120 2470 1805 2545; baseline 0.005 -24"><span class='ocrx_word' id='word_1_220' title='bbox 120 2470 506 2538; x_wconf 84' lang='grc' dir='ltr'><strong><em>διαιτώμενος,</em></strong></span> <span class='ocrx_word' id='word_1_221' title='bbox 561 2471 955 2540; x_wconf 85' lang='grc' dir='ltr'><strong><em>συντυγχάνων</em></strong></span> <span class='ocrx_word' id='word_1_222' title='bbox 996 2472 1141 2544; x_wconf 75' lang='grc' dir='ltr'><strong><em>αὐτῷ</em></strong></span> <span class='ocrx_word' id='word_1_223' title='bbox 1184 2477 1264 2536; x_wconf 91' lang='grc' dir='ltr'><strong><em>τίς</em></strong></span> <span class='ocrx_word' id='word_1_224' title='bbox 1302 2472 1347 2526; x_wconf 80' lang='grc' dir='ltr'><strong><em>τ’</em></strong></span> <span class='ocrx_word' id='word_1_225' title='bbox 1397 2475 1475 2527; x_wconf 80' lang='grc' dir='ltr'><strong><em>ὢν</em></strong></span> <span class='ocrx_word' id='word_1_226' title='bbox 1514 2477 1675 2545; x_wconf 75' lang='grc' dir='ltr'><strong><em>ἤρετο</em></strong></span> <span class='ocrx_word' id='word_1_227' title='bbox 1715 2475 1805 2529; x_wconf 86' lang='grc' dir='ltr'><strong><em>καὶ</em></strong></span> 
     </span>
     <span class='ocr_line' id='line_1_29' title="bbox 119 2555 1805 2631; baseline 0.005 -23"><span class='ocrx_word' id='word_1_228' title='bbox 119 2555 191 2609; x_wconf 86' lang='grc' dir='ltr'><strong><em>δι’</em></strong></span> <span class='ocrx_word' id='word_1_229' title='bbox 232 2557 294 2620; x_wconf 78' lang='grc' dir='ltr'><strong><em>ἃς</em></strong></span> <span class='ocrx_word' id='word_1_230' title='bbox 325 2559 498 2620; x_wconf 83' lang='grc' dir='ltr'><strong><em>αἰτίας</em></strong></span> <span class='ocrx_word' id='word_1_231' title='bbox 532 2561 889 2627; x_wconf 87' lang='grc' dir='ltr'><strong><em>στελλόμενος</em></strong></span> <span class='ocrx_word' id='word_1_232' title='bbox 921 2563 1149 2623; x_wconf 87' lang='grc' dir='ltr'><strong><em>σκότους</em></strong></span> <span class='ocrx_word' id='word_1_233' title='bbox 1179 2563 1284 2630; x_wconf 77' lang='grc' dir='ltr'><strong><em>ἤδη</em></strong></span> <span class='ocrx_word' id='word_1_234' title='bbox 1318 2564 1382 2614; x_wconf 77' lang='grc' dir='ltr'><strong><em>τὰ</em></strong></span> <span class='ocrx_word' id='word_1_235' title='bbox 1420 2565 1556 2631; x_wconf 93' lang='grc' dir='ltr'><strong><em>πρὸς</em></strong></span> <span class='ocrx_word' id='word_1_236' title='bbox 1594 2567 1654 2617; x_wconf 91' lang='grc' dir='ltr'><strong><em>τὸ</em></strong></span> <span class='ocrx_word' id='word_1_237' title='bbox 1696 2566 1805 2617; x_wconf 76' lang='grc' dir='ltr'><strong><em>δεῖ-</em></strong></span> 
     </span>
     <span class='ocr_line' id='line_1_30' title="bbox 117 2646 1804 2721; baseline 0.005 -23"><span class='ocrx_word' id='word_1_238' title='bbox 117 2664 259 2699; x_wconf 93' lang='grc' dir='ltr'><strong><em>πνον</em></strong></span> <span class='ocrx_word' id='word_1_239' title='bbox 292 2646 437 2718; x_wconf 78' lang='grc' dir='ltr'><strong><em>αὑτῷ</em></strong></span> <span class='ocrx_word' id='word_1_240' title='bbox 472 2648 757 2715; x_wconf 85' lang='grc' dir='ltr'><strong><em>λαμβάνοι.</em></strong></span> <span class='ocrx_word' id='word_1_241' title='bbox 834 2649 1016 2716; x_wconf 78' lang='grc'>&lt;142&gt;</span> <span class='ocrx_word' id='word_1_242' title='bbox 1049 2650 1077 2703; x_wconf 86' lang='grc' dir='ltr'>ὁ</span> <span class='ocrx_word' id='word_1_243' title='bbox 1113 2647 1173 2702; x_wconf 76' lang='grc' dir='ltr'><strong><em>δὲ</em></strong></span> <span class='ocrx_word' id='word_1_244' title='bbox 1198 2654 1434 2720; x_wconf 89' lang='grc' dir='ltr'><strong><em>Λευίτης</em></strong></span> <span class='ocrx_word' id='word_1_245' title='bbox 1466 2649 1567 2720; x_wconf 75' lang='grc' dir='ltr'><strong><em>μὲν</em></strong></span> <span class='ocrx_word' id='word_1_246' title='bbox 1600 2655 1804 2721; x_wconf 84' lang='grc' dir='ltr'><strong><em>ἔφησεν</em></strong></span> 
     </span>
     <span class='ocr_line' id='line_1_31' title="bbox 51 2731 1804 2809; baseline 0.005 -24"><span class='ocrx_word' id='word_1_247' title='bbox 51 2748 95 2781; x_wconf 84' lang='lat'><strong><em>30</em></strong></span> <span class='ocrx_word' id='word_1_248' title='bbox 118 2731 278 2802; x_wconf 82' lang='grc' dir='ltr'><strong><em>εἶναι,</em></strong></span> <span class='ocrx_word' id='word_1_249' title='bbox 318 2737 550 2802; x_wconf 92' lang='grc' dir='ltr'><strong><em>γύναιον</em></strong></span> <span class='ocrx_word' id='word_1_250' title='bbox 591 2732 652 2788; x_wconf 76' lang='grc' dir='ltr'><strong><em>δὲ</em></strong></span> <span class='ocrx_word' id='word_1_251' title='bbox 689 2737 835 2805; x_wconf 78' lang='grc' dir='ltr'><strong><em>παρὰ</em></strong></span> <span class='ocrx_word' id='word_1_252' title='bbox 873 2746 983 2789; x_wconf 85' lang='grc' dir='ltr'><strong><em>τῶν</em></strong></span> <span class='ocrx_word' id='word_1_253' title='bbox 1023 2737 1232 2805; x_wconf 91' lang='grc' dir='ltr'><strong><em>γονέων</em></strong></span> <span class='ocrx_word' id='word_1_254' title='bbox 1273 2740 1423 2806; x_wconf 78' lang='grc' dir='ltr'><strong><em>ἄγων</em></strong></span> <span class='ocrx_word' id='word_1_255' title='bbox 1461 2742 1597 2809; x_wconf 89' lang='grc' dir='ltr'><strong><em>πρὸς</em></strong></span> <span class='ocrx_word' id='word_1_256' title='bbox 1636 2741 1804 2794; x_wconf 82' lang='grc' dir='ltr'><strong><em>αὑτὸν</em></strong></span> 
     </span>
     <span class='ocr_line' id='line_1_32' title="bbox 237 2835 839 2887; baseline 0.005 -10"><span class='ocrx_word' id='word_1_257' title='bbox 237 2840 260 2887; x_wconf 65' lang='grc' dir='ltr'>ξ</span> <span class='ocrx_word' id='word_1_258' title='bbox 300 2840 378 2878; x_wconf 77' lang='lat'><strong><em>137</em></strong></span> <span class='ocrx_word' id='word_1_259' title='bbox 406 2857 458 2871; x_wconf 92' lang='lat'>=</span> <span class='ocrx_word' id='word_1_260' title='bbox 486 2835 627 2878; x_wconf 78' lang='lat' dir='ltr'>Iudic.</span> <span class='ocrx_word' id='word_1_261' title='bbox 661 2835 764 2878; x_wconf 79' lang='lat' dir='ltr'><strong><em>XIX</em></strong></span> <span class='ocrx_word' id='word_1_262' title='bbox 801 2844 839 2880; x_wconf 81' lang='lat'><strong><em>3.</em></strong></span> 
     </span>
    </p>
   </div>
  </div>
 </body>
</html>
