2052 3141
183 103 290 155 190
793 104 1247 145 ΑΡΧΑΙΟΛΟΓΙΑΣ

179 238 240 290 τὸ
275 237 425 306 ἱερὸν
457 235 684 290 εἰσιέναι
716 237 986 289 κεκώλυκε
1019 233 1109 287 καὶ
1147 241 1366 288 θυσιῶν
1405 237 1673 288 ἅπτεσθαι
1711 233 1868 305 μέχρι

179 323 567 395 τετταράκονθ’
611 326 857 394 ἡμερῶν,
904 323 972 376 ἂν
1020 325 1186 393 ἄρρεν
1234 325 1293 377 τὸ
1334 321 1530 393 τεχθὲν
1572 318 1627 394 ᾖ·
1677 325 1868 375 διπλα-

180 415 367 475 σίονας
413 414 516 482 γὰρ
565 409 708 465 εἶναι
752 413 847 474 τὰς
892 408 1094 479 ἡμέρας
1145 410 1233 464 ἐπὶ
1270 414 1628 480 θηλυτοκίαις
1667 409 1865 479 συμβέ-

178 505 361 570 βηκεν.
431 503 702 554 εἰσιοῦσαι
748 497 934 568 μέντοι
975 500 1107 567 μετὰ
1154 500 1255 567 τὴν
1293 497 1696 567 προειρημένην
1735 517 1867 567 προ-

176 593 416 657 θεσμιάν
468 591 671 650 θυσίας
726 586 1099 653 ἐπιτελοῦσιν,
1155 586 1217 647 ἃς
1271 585 1328 638 οἱ
1377 586 1537 654 ἱερεῖς
1586 588 1723 653 πρὸς
1770 588 1866 639 τὸν

176 680 314 731 θεὸν
355 675 723 745 διανέμονται.

290 767 470 833 <270>
505 764 574 817 ἂν
609 761 656 816 δ’
695 764 979 832 ὑπονοήσῃ
1021 764 1424 831 μεμοιχεῦσθαί
1458 782 1537 824 τις
1576 762 1723 834 αὐτῷ
1765 764 1864 831 τὴν

176 863 440 921 γυναῖκα,
487 855 692 921 κομίζει
742 857 939 919 κριθῆς
986 848 1355 918 ἀληλεσμένης
1395 849 1722 918 ἀσσάρωνα,
1775 850 1864 904 καὶ

177 945 306 1010 μίαν
340 943 504 1009 αὐτῆς
538 942 711 1010 δράκα
745 940 1096 1008 ἐπιβαλόντες
1127 946 1200 1010 τῷ
1240 944 1377 1009 θεῷ,
1416 941 1477 991 τὸ
1519 940 1713 992 λοιπὸν
1752 948 1865 1002 τοῖς

178 1031 382 1099 ἱερεῦσι
434 1032 688 1083 διδόασιν
735 1031 813 1091 εἰς
859 1031 1090 1097 τροφήν·
1156 1028 1336 1094 <2ῖ1>
1378 1029 1478 1095 τὴν
1530 1025 1591 1079 δὲ
1631 1037 1864 1095 γυναῖκα

177 1121 376 1187 στήσας
415 1139 496 1181 τις
526 1128 635 1171 τῶν
671 1115 860 1184 ἱερέων
900 1117 1034 1168 κατὰ
1074 1117 1167 1177 τὰς
1205 1116 1379 1177 πύλας
1419 1114 1502 1184 (αἳ
1540 1113 1588 1167 δ’
1636 1114 1741 1168 εἰσὶ
1781 1135 1863 1167 τε-

175 1205 476 1276 τραμμέναι
515 1210 650 1275 πρὸς
682 1209 778 1259 τὸν
812 1205 975 1271 νεών)
1016 1203 1106 1256 καὶ
1145 1211 1237 1270 τῆς
1268 1208 1506 1272 κεφαλῆς
1545 1206 1605 1256 τὸ
1647 1204 1863 1271 ἱμάτιον

176 1294 435 1363 ἀφελών,
491 1294 779 1362 ἐπιγράφει
834 1290 934 1361 μὲν
988 1301 1086 1344 τοῦ
1138 1297 1276 1344 θεοῦ
1332 1294 1431 1359 τὴν
1485 1295 1861 1359 προσηγορίαν

176 1381 450 1452 διφθέρα,
504 1383 712 1434 κελεύει
767 1378 826 1432 δὲ
875 1381 1101 1448 ὀμνύειν
1149 1376 1321 1447 μηδὲν
1374 1378 1689 1447 ἠδικηκέναι
1735 1378 1860 1446 περὶ

173 1473 270 1524 τὸν
310 1473 505 1539 ἄνδρα,
545 1473 870 1538 παραβᾶσαν
912 1466 970 1521 δὲ
1013 1471 1070 1521 τὸ
1114 1478 1339 1536 σῶφρον
1379 1476 1477 1520 τοῦ
1519 1468 1702 1530 δεξιοῦ
1743 1466 1860 1520 σκέ-

174 1565 304 1622 λους
345 1560 618 1627 ἔξαρθρον
659 1556 920 1626 γενέσθαι
968 1555 1056 1609 καὶ
1105 1559 1203 1624 τὴν
1244 1555 1478 1624 γαστέρα
1515 1561 1861 1624 πρησθεῖσαν

175 1649 347 1710 οὕτως
394 1647 721 1700 ἀποθανεῖν·
771 1646 839 1698 ι’ὶν
889 1644 937 1697 δ’
984 1646 1090 1698 ὑπὸ
1139 1649 1348 1697 πολλοῦ
1396 1653 1494 1697 τοῦ
1535 1647 1732 1711 ἔρωτος
1772 1644 1859 1696 καὶ

173 1744 266 1804 τῆς
299 1738 389 1788 διὰ
423 1745 582 1789 τοῦτο
619 1738 941 1803 ζηλοτυπίας
972 1744 1252 1800 προπετῶς
1291 1732 1429 1800 ἀνὴρ
1465 1735 1555 1785 διὰ
1589 1735 1688 1800 τὴν
1730 1733 1859 1785 ὑπό-

173 1846 333 1878 νοιαν
373 1831 454 1892 εἴη
496 1822 877 1892 κεκινημένος,
917 1821 1045 1891 μηνὶ
1090 1823 1295 1893 δεκάτῳ
1339 1821 1598 1888 γενέσθαι
1638 1822 1861 1873 παιδιόν

172 1914 340 1980 ἄρρεν
380 1913 531 1981 αὐτῇ.
611 1913 791 1978 <272>
834 1921 942 1963 τῶν
986 1909 1033 1962 δ’
1083 1911 1263 1977 ὅρκων
1304 1908 1730 1971 τελειωθέντων,
1770 1917 1862 1976 τῆς

173 1999 443 2070 διφθέρας
483 2001 784 2062 ἀπαλείψας
815 2001 1056 2067 τοῦνομα
1090 2001 1166 2060 εἰς
1198 1999 1403 2066 φιάλην
1445 1996 1689 2061 ἐκπιέζει,
1727 2016 1859 2063 προ-

171 2094 398 2158 κομίσας
431 2087 476 2141 τ’
510 2089 568 2141 ἐκ
607 2098 705 2142 τοῦ
742 2090 892 2155 ι”εροῦ
927 2096 1022 2154 γῆς
1053 2092 1108 2139 εἴ
1134 2108 1182 2138 τι
1215 2087 1534 2154 προστύχοι.
1575 2084 1658 2136 καὶ
1704 2106 1859 2137 κατα-

170 2179 345 2240 πάσας
400 2177 606 2230 ἐκπιεῖν
663 2178 908 2228 δίδωσιν.
991 2176 1168 2240 (273)
1223 2174 1250 2241 ἢ
1301 2171 1349 2225 δ’
1404 2175 1454 2225 εί
1506 2170 1605 2240 μὲν
1661 2172 1862 2234 ἀδίκως

171 2265 473 2334 ἐνεκλήθη,
515 2265 767 2332 ἐγκύμων
808 2283 862 2315 τε
906 2267 1110 2330 γίνεται.
1151 2260 1235 2314 καὶ
1282 2266 1686 2328 τελεσφορεῖται
1728 2262 1860 2313 κατὰ

171 2357 270 2422 τὴν
304 2352 556 2422 γαστέρα,
597 2351 911 2419 ψευσαμένη
948 2349 1006 2403 δὲ
1041 2354 1136 2403 τὸν
1168 2353 1343 2417 ἄνδρα
1386 2349 1467 2401 ε’πῖ
1519 2359 1630 2411 τοῖς
1671 2350 1862 2416 γάμοις

169 2442 259 2495 καὶ
300 2446 394 2495 τὸν
433 2445 571 2494 θεὸν
614 2440 694 2493 ἐπὶ
739 2450 850 2501 τοῖς
891 2441 1075 2506 ὅρκοις
1115 2437 1225 2507 μετ’
1269 2440 1531 2507 αἰσχύνης
1572 2436 1859 2503 καταστρέ-

171 2551 262 2600 φει
295 2534 391 2583 τὸν
424 2535 568 2599 βίον,
608 2538 705 2582 τοῦ
740 2549 789 2581 τε
827 2527 1053 2590 σκέλους
1093 2528 1415 2588 ἐκπεσόντος
1456 2527 1590 2594 αὐτῇ
1632 2524 1716 2577 καὶ
1762 2527 1859 2591 τὴν

170 2623 384 2672 κοιλίαν
430 2618 629 2687 ὑδέρου
671 2620 1090 2685 καταλαβόντος.

280 2710 458 2773 <2745
509 2704 598 2758 καὶ
646 2705 764 2772 περὶ
818 2702 918 2772 μὲν
968 2715 1074 2756 τῶν
1124 2710 1337 2755 θυσιῶν
1380 2700 1464 2754 καὶ
1512 2709 1603 2768 τῆς
1642 2699 1860 2767 ἁγνείας

171 2803 264 2861 τῆς
312 2793 391 2847 ἐπ’
440 2795 627 2855 αὐταῖς
674 2802 839 2845 ταῦτα
892 2796 1137 2858 ,Μωυσῆς
1186 2800 1296 2852 τοῖς
1342 2790 1646 2857 ὁμοφύλοις
1691 2807 1857 2854 πρου-

291 2902 314 2947 ξ
347 2901 432 2937 ‘209
461 2918 513 2930 =
541 2894 683 2937 Levit.
721 2894 799 2935 XII
841 2901 874 2935 1.
1000 2898 1022 2944 ς’
1058 2897 1143 2935 ’.170
1172 2915 1221 2927 2:
1250 2891 1383 2933 Num.
1419 2889 1457 2931 V
1495 2895 1559 2932 1⁶2.

1892 603 1912 635 5

1890 1044 1931 1075 10

1889 1483 1928 1514 15

1886 1925 1929 1955 ‘20

1887 2363 1929 2394 25

1884 2801 1927 2831 30
