2052 3141
166 96 270 148 106
782 94 1238 138 APXAIOAOPIAZ

161 233 347 299 ἔλεγε,
393 228 482 283 καὶ
522 228 718 299 μηδενὶ
756 238 867 282 τῶν
907 230 1091 282 ἄλλων
1131 229 1162 298 ἢ
1203 231 1377 303 τούτῳ
1419 232 1572 303 μόνῳ
1611 243 1851 299 προσαν-

167 319 330 389 έχειν,
369 327 466 372 τοῦ
505 338 561 371 τε
602 320 673 386 μὴ
715 316 1206 386 διαζευγνυμένους
1245 316 1362 370 ἀλλ’
1411 318 1470 371 ἐν
1509 318 1684 389 ταύτῷ
1726 338 1852 385 τυγ--

162 409 429 477 χάνοντας
470 406 845 475 ἐπιμελεῖσθαι
885 415 983 459 τοῦ
1023 409 1224 474 πατρὸς
1263 408 1700 475 προνοούμενος,
1751 414 1850 458 τοῦ

161 515 217 548 τε
249 505 363 558 τοῖς
394 496 717 562 Αἰγυπτίοις
748 489 889 546 εἶναι
920 498 1259 562 προσφιλεῖς,
1299 491 1472 562 μηδὲν
1516 495 1850 562 πράττοντας

161 594 270 636 τῶν
319 583 500 636 αὐτῶν
548 582 796 645 ἐκείνοις·
846 584 1169 650 Αἰγυπτίοις
1216 583 1319 650 γὰρ
1374 581 1739 651 ἀπειρημένον
1783 579 1893 650 ἧν5

100 685 127 724 6
159 671 283 741 περὶ
334 673 505 740 νομὰς
559 669 1015 739 ἀναστρέφεσθαι.
1094 671 1274 737 <187>
1323 679 1419 723 τοῦ
1478 667 1538 722 δὲ
1587 668 1849 739 Ἰακώβου

161 759 611 831 παραγενομένου
651 763 786 829 πρὸς
824 762 920 813 τὸν
960 757 1205 828 βασιλέα,
1246 758 1335 811 καὶ
1375 758 1753 827 ἀσπαζομένου
1794 777 1850 811 τε

161 848 250 902 καὶ
290 847 689 918 κατευχομένου
729 847 852 917 περὶ
892 856 984 916 τῆς
1023 850 1301 916 βασιλείας
1341 848 1508 919 αὐτῷ,
1549 848 1576 901 ὁ
1621 849 1849 915 Φαραώ-

159 944 266 1006 θης
330 937 672 990 ἐπυνθάνετο
735 940 910 990 πόσον
980 938 1083 1004 ἤδη
1147 938 1424 1004 βεβιωκὼς
1487 942 1567 1005 εἴη
1632 938 1849 1004 χρόνον.

162 1027 342 1094 <188>
382 1035 479 1079 τοῦ
513 1023 565 1078 δ’
607 1023 799 1078 ἑκατὸν
833 1027 922 1093 ἔτη
964 1023 1052 1076 καὶ
1093 1024 1382 1094 τριάκοντα
1422 1022 1708 1091 γεγονέναι
1749 1026 1851 1091 φή-
1877 1039 1917 1069 10

162 1128 384 1183 σαντος,
433 1113 711 1182 ἐθαύμασε
753 1121 850 1166 τοῦ
891 1115 1098 1180 μήκους
1136 1121 1228 1180 τῆς
1271 1116 1404 1180 ζωῆς
1445 1114 1538 1165 τὸν
1575 1110 1849 1179 Ἰάκωβον.

161 1205 409 1265 εἰπόντος
436 1201 484 1255 δ’
519 1203 590 1264 ὡς
622 1203 821 1269 ἥττονα
854 1210 961 1252 τῶν
994 1203 1286 1268 προγόνων
1321 1206 1403 1268 εἴη
1440 1202 1717 1268 βεβιωκὼς
1742 1202 1850 1267 ἔτη.

163 1293 547 1360 συνεχώρησεν
572 1290 716 1361 αὐτῷ
748 1292 840 1357 ζῆν
865 1290 996 1357 μετὰ
1024 1298 1132 1341 τῶν
1159 1288 1363 1341 τέκνων
1391 1288 1449 1341 ἐν
1475 1286 1848 1341 (Ηλιουπόλευ

163 1379 220 1432 ἐν
263 1379 441 1449 ἐκείνῃ
483 1380 585 1447 γὰρ
631 1376 719 1430 καὶ
754 1378 810 1430 οἱ
837 1374 1091 1445 ποιμένες
1132 1377 1302 1430 αὐτοῦ
1343 1378 1436 1439 τὰς
1478 1379 1647 1445 νομὰς
1687 1373 1850 1445 εἶχον.

103 1483 128 1521 7
272 1468 453 1534 <189>
494 1467 521 1520 ὁ
565 1463 623 1519 δὲ
673 1467 828 1534 λιμὸς
875 1474 986 1528 τοῖς
1027 1467 1348 1533 Αἰγυπτίοις
1389 1464 1714 1520 ἐπετείνετο.
1762 1463 1849 1516 καὶ
1879 1478 1916 1510 15

162 1558 222 1609 τὸ
264 1557 450 1608 δεινὸν
499 1555 846 1623 ἀπορώτερον
895 1556 970 1606 ἔτι
1020 1553 1103 1605 καὶ
1149 1558 1359 1622 μᾶλλον
1400 1554 1583 1615 αὐτοῖς
1624 1553 1851 1619 ἐγίνετο,

163 1648 293 1713 μήτε
327 1652 424 1697 τοῦ
458 1651 703 1710 ποταμοῦ
736 1643 835 1709 τὴν
871 1650 972 1709 γῆν
1007 1641 1358 1709 ἐπάρδοντος,
1400 1642 1465 1695 οὐ
1498 1643 1598 1709 γὰρ
1636 1641 1851 1708 ηὔξανε,

161 1731 296 1801 μήθ’
343 1732 538 1793 ὕοντος
578 1739 674 1784 τοῦ
715 1736 880 1791 θεοῦ,
921 1731 1190 1796 πρόνοιάν
1232 1750 1284 1782 τε
1328 1732 1599 1798 μηδεμιάν
1641 1727 1850 1781 ἑαυτῶν

162 1819 253 1874 ὑπ’
294 1820 517 1887 ἀγνοίας
548 1817 951 1886 πεποιημένων,
993 1817 1079 1870 καὶ
1122 1827 1218 1871 τοῦ
1254 1817 1520 1886 Ἰωσήπου
1563 1821 1656 1871 τὸν
1699 1827 1851 1869 σῖτον

164 1908 251 1962 ἐπὶ
307 1912 578 1977 χρήμασιν
634 1907 818 1968 αὐτοῖς
874 1908 1139 1968 διδόντος.
1221 1907 1293 1968 ὡς
1349 1904 1407 1958 δὲ
1465 1904 1609 1959 ταῦτ’
1670 1906 1853 1967 αὐτοῖς
1878 1921 1919 1952 20

165 1996 401 2056 ἐπέλιπε,
439 2006 548 2048 τῶν
582 1996 941 2063 βοσκημάτων
977 1994 1249 2047 ἐωνοῦντο
1284 1997 1378 2046 τὸν
1421 2003 1572 2046 σῖτον
1614 1992 1698 2045 καὶ
1744 2003 1851 2045 τῶν

165 2085 547 2153 ἀνδραπόδων.
626 2085 805 2150 <190>
839 2077 920 2145 οἷς
954 2081 1013 2135 δὲ
1047 2082 1130 2134 καὶ
1170 2091 1264 2150 γῆς
1298 2102 1375 2143 τις
1412 2079 1476 2149 ἦν
1509 2091 1691 2149 μοῖρα.
1734 2083 1851 2133 ταύ-

165 2194 265 2241 την
305 2173 662 2241 παρεχώρουν
705 2171 786 2224 ἐπὶ
830 2179 954 2239 τιμῇ
990 2179 1206 2238 τροφῆς.
1286 2171 1427 2222 οὕτω
1470 2189 1521 2221 τε
1566 2178 1660 2222 τοῦ
1700 2174 1851 2237 βασι-

165 2260 300 2323 λέως
332 2261 505 2328 πάσης
538 2260 717 2312 αὐτῶν
752 2269 843 2327 τῆς
875 2262 1190 2325 περιουσίας
1229 2261 1422 2324 κυρίου
1466 2258 1851 2326 γεγενημείιου,

164 2352 584 2421 μετῳκίσθησαν
632 2350 794 2410 ἄλλος
847 2347 1141 2415 ἀλλαχόσε.
1195 2347 1338 2408 ὅπως
1386 2349 1576 2414 βεβαία
1631 2345 1844 2414 γείιηται
1876 2362 1915 2392 2⁵

164 2445 236 2507 τῷ
295 2441 511 2504 βασιλεῖ
559 2444 651 2503 τῆς
706 2437 882 2504 χώρας
937 2437 1145 2487 τούτων
1198 2435 1223 2502 ἡ
1276 2442 1490 2501 κτῆσις,
1547 2436 1687 2501 πλὴν
1743 2444 1849 2486 τῶν

168 2523 378 2592 ἱερέων·
436 2526 648 2591 τούτοις
711 2525 812 2590 γὰρ
877 2526 1066 2591 ἔμενεν
1118 2523 1143 2590 ἡ
1195 2525 1341 2591 χώρα
1397 2523 1590 2574 αὐτῶν.
1669 2524 1850 2587 ’χὶἓῖΙὸ

168 2613 402 2665 ἐδούλου
436 2608 480 2664 τ’
519 2613 698 2664 αὐτῶν
732 2612 797 2663 οὐ
831 2613 892 2663 τὰ
927 2614 1145 2679 σώματα
1179 2615 1352 2678 μόνον
1389 2614 1444 2664 τὸ
1487 2614 1672 2663 δεινὸν
1714 2610 1848 2661 ἀλλὰ

168 2700 251 2752 καὶ
299 2702 388 2762 τὰς
423 2703 684 2762 διανοίας,
725 2699 807 2751 καὶ
846 2702 904 2751 τὸ
941 2703 1134 2751 λοιπὸν
1168 2701 1243 2761 είς
1275 2699 1555 2767 ἀσχήμονα
1599 2707 1689 2766 τῆς
1730 2717 1847 2765 τρο-

167 2797 273 2856 φῆς
306 2789 567 2856 εὐπορίαν
601 2789 798 2850 αὐτοὺς
830 2789 1209 2856 κατηνάγκαζε.
1276 2791 1628 2856 λωφήσαντος
1661 2784 1718 2838 δὲ
1755 2795 1849 2838 τοῦ
1876 2799 1917 2830 :³0

289 2894 311 2941 ἓ
350 2895 428 2932 187
460 2911 511 2925 =
539 2889 648 2932 Gen.
686 2889 847 2931 XLVII
882 2895 920 2932 S.
