<?xml version="1.0" encoding="UTF-8"?>
<!DOCTYPE html PUBLIC "-//W3C//DTD XHTML 1.0 Transitional//EN"
    "http://www.w3.org/TR/xhtml1/DTD/xhtml1-transitional.dtd">
<html xmlns="http://www.w3.org/1999/xhtml" xml:lang="en" lang="en">
 <head>
  <title>
</title>
<meta http-equiv="Content-Type" content="text/html;charset=utf-8" />
  <meta name='ocr-system' content='tesseract 3.04.00' />
  <meta name='ocr-capabilities' content='ocr_page ocr_carea ocr_par ocr_line ocrx_word'/>
</head>
<body>
  <div class='ocr_page' id='page_1' title='image "./flaviiiosephiope01joseuoft_0147.png"; bbox 0 0 2052 3141; ppageno 0'>
   <div class='ocr_carea' id='block_1_1' title="bbox 863 95 1842 146">
    <p class='ocr_par' dir='ltr' id='par_1_1' title="bbox 863 95 1842 146">
     <span class='ocr_line' id='line_1_1' title="bbox 863 95 1842 146; baseline 0.007 -7"><span class='ocrx_word' id='word_1_1' title='bbox 863 99 1140 140; x_wconf 77' lang='lat' dir='ltr'><strong>AETTEPA</strong></span> <span class='ocrx_word' id='word_1_2' title='bbox 1739 97 1765 146; x_wconf 89' lang='lat'>1</span> <span class='ocrx_word' id='word_1_3' title='bbox 1778 96 1803 145; x_wconf 87' lang='lat'>1</span> <span class='ocrx_word' id='word_1_4' title='bbox 1813 95 1842 146; x_wconf 86' lang='lat'><strong>7</strong></span> 
     </span>
    </p>
   </div>
   <div class='ocr_carea' id='block_1_2' title="bbox 82 231 1846 2954">
    <p class='ocr_par' dir='ltr' id='par_1_2' title="bbox 82 231 1846 2954">
     <span class='ocr_line' id='line_1_2' title="bbox 158 231 1843 305; baseline -0.004 -17"><span class='ocrx_word' id='word_1_5' title='bbox 158 237 473 304; x_wconf 86' lang='grc' dir='ltr'><em>χρήσασθαι</em></span> <span class='ocrx_word' id='word_1_6' title='bbox 512 241 586 305; x_wconf 78' lang='grc' dir='ltr'><em>τῷ</em></span> <span class='ocrx_word' id='word_1_7' title='bbox 620 231 875 305; x_wconf 88' lang='grc' dir='ltr'><em>Ἑβραίῳ,</em></span> <span class='ocrx_word' id='word_1_8' title='bbox 914 233 1124 284; x_wconf 81' lang='grc' dir='ltr'><em>κελεύει</em></span> <span class='ocrx_word' id='word_1_9' title='bbox 1164 232 1192 284; x_wconf 86' lang='grc' dir='ltr'>ὁ</span> <span class='ocrx_word' id='word_1_10' title='bbox 1233 233 1491 299; x_wconf 86' lang='grc' dir='ltr'><em>βασιλεὺς</em></span> <span class='ocrx_word' id='word_1_11' title='bbox 1529 232 1629 298; x_wconf 87' lang='grc' dir='ltr'><em>τὴν</em></span> <span class='ocrx_word' id='word_1_12' title='bbox 1667 236 1843 298; x_wconf 88' lang='grc' dir='ltr'><em>θυγα-</em></span> 
     </span>
     <span class='ocr_line' id='line_1_3' title="bbox 157 320 1844 393; baseline -0.004 -17"><span class='ocrx_word' id='word_1_13' title='bbox 157 322 284 393; x_wconf 91' lang='grc' dir='ltr'><em>τέρα</em></span> <span class='ocrx_word' id='word_1_14' title='bbox 323 332 621 393; x_wconf 79' lang='grc' dir='ltr'><em>παρασχεῖν</em></span> <span class='ocrx_word' id='word_1_15' title='bbox 661 324 757 374; x_wconf 91' lang='grc' dir='ltr'><em>τὸν</em></span> <span class='ocrx_word' id='word_1_16' title='bbox 790 324 1044 388; x_wconf 72' lang='grc' dir='ltr'><em>ΝΙωυσῆν</em></span> <span class='ocrx_word' id='word_1_17' title='bbox 1086 322 1389 389; x_wconf 89' lang='grc' dir='ltr'><em>στρατηγὸν</em></span> <span class='ocrx_word' id='word_1_18' title='bbox 1431 320 1576 390; x_wconf 76' lang='grc' dir='ltr'><em>αὐτῷ</em></span> <span class='ocrx_word' id='word_1_19' title='bbox 1616 322 1844 387; x_wconf 86' lang='grc' dir='ltr'><em>γενησό-</em></span> 
     </span>
     <span class='ocr_line' id='line_1_4' title="bbox 156 403 1842 480; baseline -0.004 -15"><span class='ocrx_word' id='word_1_20' title='bbox 156 432 340 480; x_wconf 91' lang='grc' dir='ltr'><em>μενον.</em></span> <span class='ocrx_word' id='word_1_21' title='bbox 418 411 599 479; x_wconf 76' lang='grc'>&lt;242&gt;</span> <span class='ocrx_word' id='word_1_22' title='bbox 644 410 678 478; x_wconf 78' lang='grc' dir='ltr'><em>ἣ</em></span> <span class='ocrx_word' id='word_1_23' title='bbox 728 407 788 462; x_wconf 77' lang='grc' dir='ltr'><em>δὲ</em></span> <span class='ocrx_word' id='word_1_24' title='bbox 837 410 1034 478; x_wconf 82' lang='grc' dir='ltr'><em>ὅρκους</em></span> <span class='ocrx_word' id='word_1_25' title='bbox 1082 407 1432 479; x_wconf 76' lang='grc' dir='ltr'><em>ποιησαμένῳ</em></span> <span class='ocrx_word' id='word_1_26' title='bbox 1486 408 1621 459; x_wconf 82' lang='grc' dir='ltr'><em>ὥστε</em></span> <span class='ocrx_word' id='word_1_27' title='bbox 1670 403 1842 475; x_wconf 74' lang='grc' dir='ltr'><em>μηδὲν</em></span> 
     </span>
     <span class='ocr_line' id='line_1_5' title="bbox 156 493 1842 568; baseline -0.003 -16"><span class='ocrx_word' id='word_1_28' title='bbox 156 501 435 553; x_wconf 88' lang='grc' dir='ltr'><em>διαθεῖναι</em></span> <span class='ocrx_word' id='word_1_29' title='bbox 467 501 656 567; x_wconf 88' lang='grc' dir='ltr'><em>κακόν,</em></span> <span class='ocrx_word' id='word_1_30' title='bbox 695 499 1095 568; x_wconf 90' lang='grc' dir='ltr'><em>παραδίδωσιν,</em></span> <span class='ocrx_word' id='word_1_31' title='bbox 1137 495 1257 549; x_wconf 85' lang='grc' dir='ltr'><em>ἀντὶ</em></span> <span class='ocrx_word' id='word_1_32' title='bbox 1290 496 1525 564; x_wconf 90' lang='grc' dir='ltr'><em>μεγάλης</em></span> <span class='ocrx_word' id='word_1_33' title='bbox 1558 493 1657 564; x_wconf 74' lang='grc' dir='ltr'><em>μὲν</em></span> <span class='ocrx_word' id='word_1_34' title='bbox 1691 495 1842 563; x_wconf 82' lang='grc' dir='ltr'><em>εὐερ-</em></span> 
     </span>
     <span class='ocr_line' id='line_1_6' title="bbox 109 581 1843 657; baseline -0.003 -16"><span class='ocrx_word' id='word_1_35' title='bbox 109 604 128 633; x_wconf 81' lang='lat'>5</span> <span class='ocrx_word' id='word_1_36' title='bbox 156 592 339 655; x_wconf 84' lang='grc' dir='ltr'><em>γεσίας</em></span> <span class='ocrx_word' id='word_1_37' title='bbox 392 591 659 657; x_wconf 77' lang='grc' dir='ltr'><em>κρίνουσα</em></span> <span class='ocrx_word' id='word_1_38' title='bbox 713 587 813 654; x_wconf 83' lang='grc' dir='ltr'><em>τὴν</em></span> <span class='ocrx_word' id='word_1_39' title='bbox 862 588 1209 654; x_wconf 76' lang='grc' dir='ltr'><em>συμμαχίαν,</em></span> <span class='ocrx_word' id='word_1_40' title='bbox 1264 587 1557 647; x_wconf 75' lang='grc' dir='ltr'><em>κακίζουσα</em></span> <span class='ocrx_word' id='word_1_41' title='bbox 1606 581 1665 635; x_wconf 71' lang='grc' dir='ltr'><em>δὲ</em></span> <span class='ocrx_word' id='word_1_42' title='bbox 1716 586 1843 645; x_wconf 87' lang='grc' dir='ltr'><em>τοὺς</em></span> 
     </span>
     <span class='ocr_line' id='line_1_7' title="bbox 154 670 1842 747; baseline -0.003 -19"><span class='ocrx_word' id='word_1_43' title='bbox 154 675 348 747; x_wconf 73' lang='grc' dir='ltr'><em>ἱερέας,</em></span> <span class='ocrx_word' id='word_1_44' title='bbox 388 679 445 730; x_wconf 78' lang='grc' dir='ltr'><em>οἳ</em></span> <span class='ocrx_word' id='word_1_45' title='bbox 471 685 677 728; x_wconf 90' lang='grc' dir='ltr'><em>κτεῖναι</em></span> <span class='ocrx_word' id='word_1_46' title='bbox 709 675 1215 743; x_wconf 75' lang='grc' dir='ltr'><em>προαγορεύσαντες</em></span> <span class='ocrx_word' id='word_1_47' title='bbox 1247 673 1416 725; x_wconf 87' lang='grc' dir='ltr'><em>αὐτὸν</em></span> <span class='ocrx_word' id='word_1_48' title='bbox 1449 674 1521 734; x_wconf 86' lang='grc' dir='ltr'><em>ὡς</em></span> <span class='ocrx_word' id='word_1_49' title='bbox 1559 670 1842 740; x_wconf 87' lang='grc' dir='ltr'><em>πολέμιον,</em></span> 
     </span>
     <span class='ocr_line' id='line_1_8' title="bbox 152 760 1842 834; baseline -0.004 -16"><span class='ocrx_word' id='word_1_50' title='bbox 152 766 252 817; x_wconf 84' lang='grc' dir='ltr'><em>οὐκ</em></span> <span class='ocrx_word' id='word_1_51' title='bbox 314 763 555 834; x_wconf 81' lang='grc' dir='ltr'><em>ᾐδοῦντο</em></span> <span class='ocrx_word' id='word_1_52' title='bbox 617 771 723 816; x_wconf 85' lang='grc' dir='ltr'><em>νῦν</em></span> <span class='ocrx_word' id='word_1_53' title='bbox 785 760 1075 832; x_wconf 80' lang='grc' dir='ltr'><em>χρῄζοντες</em></span> <span class='ocrx_word' id='word_1_54' title='bbox 1130 761 1301 814; x_wconf 83' lang='grc' dir='ltr'><em>αὐτοῦ</em></span> <span class='ocrx_word' id='word_1_55' title='bbox 1364 770 1457 829; x_wconf 90' lang='grc' dir='ltr'><em>τῆς</em></span> <span class='ocrx_word' id='word_1_56' title='bbox 1513 760 1842 829; x_wconf 88' lang='grc' dir='ltr'><em>ἐπικουρίας.</em></span> 
     </span>
     <span class='ocr_line' id='line_1_9' title="bbox 149 849 1842 920; baseline -0.003 -15"><span class='ocrx_word' id='word_1_57' title='bbox 149 854 330 920; x_wconf 79' lang='lat'>&lt;243&gt;</span> <span class='ocrx_word' id='word_1_58' title='bbox 369 855 618 919; x_wconf 86' lang='grc' dir='ltr'><em>Μωυσῆς</em></span> <span class='ocrx_word' id='word_1_59' title='bbox 666 849 713 902; x_wconf 82' lang='grc' dir='ltr'><em>δ’</em></span> <span class='ocrx_word' id='word_1_60' title='bbox 760 850 867 902; x_wconf 83' lang='grc' dir='ltr'><em>ὑπό</em></span> <span class='ocrx_word' id='word_1_61' title='bbox 917 870 970 902; x_wconf 93' lang='grc' dir='ltr'><em>τε</em></span> <span class='ocrx_word' id='word_1_62' title='bbox 1011 857 1104 917; x_wconf 90' lang='grc' dir='ltr'><em>τῆς</em></span> <span class='ocrx_word' id='word_1_63' title='bbox 1146 851 1530 919; x_wconf 78' lang='grc' dir='ltr'><em>Θερμούθιδος</em></span> <span class='ocrx_word' id='word_1_64' title='bbox 1568 853 1842 919; x_wconf 88' lang='grc' dir='ltr'><em>παρακλη-</em></span> 
     </span>
     <span class='ocr_line' id='line_1_10' title="bbox 148 934 1842 1008; baseline -0.002 -15"><span class='ocrx_word' id='word_1_65' title='bbox 148 939 271 1003; x_wconf 83' lang='grc' dir='ltr'><em>θεὶς</em></span> <span class='ocrx_word' id='word_1_66' title='bbox 301 939 392 993; x_wconf 84' lang='grc' dir='ltr'><em>καὶ</em></span> <span class='ocrx_word' id='word_1_67' title='bbox 423 940 530 993; x_wconf 84' lang='grc' dir='ltr'><em>ὑπὸ</em></span> <span class='ocrx_word' id='word_1_68' title='bbox 564 947 663 992; x_wconf 84' lang='grc' dir='ltr'><em>τοῦ</em></span> <span class='ocrx_word' id='word_1_69' title='bbox 696 937 960 1008; x_wconf 90' lang='grc' dir='ltr'><em>βασιλέως</em></span> <span class='ocrx_word' id='word_1_70' title='bbox 994 936 1166 1005; x_wconf 80' lang='grc' dir='ltr'><em>ἡδέως</em></span> <span class='ocrx_word' id='word_1_71' title='bbox 1198 936 1555 1007; x_wconf 86' lang='grc' dir='ltr'><em>προσδέχεται</em></span> <span class='ocrx_word' id='word_1_72' title='bbox 1587 934 1842 1007; x_wconf 82' lang='grc' dir='ltr'><em>τοῦργον.</em></span> 
     </span>
     <span class='ocr_line' id='line_1_11' title="bbox 82 1025 1844 1100; baseline -0.003 -17"><span class='ocrx_word' id='word_1_73' title='bbox 82 1043 124 1074; x_wconf 86' lang='grc'><em>10</em></span> <span class='ocrx_word' id='word_1_74' title='bbox 148 1032 369 1100; x_wconf 81' lang='grc' dir='ltr'><em>ἔχαιρον</em></span> <span class='ocrx_word' id='word_1_75' title='bbox 411 1026 459 1081; x_wconf 82' lang='grc' dir='ltr'><em>δ’</em></span> <span class='ocrx_word' id='word_1_76' title='bbox 514 1029 572 1082; x_wconf 75' lang='grc' dir='ltr'><em>οἱ</em></span> <span class='ocrx_word' id='word_1_77' title='bbox 622 1029 1070 1097; x_wconf 76' lang='grc' dir='ltr'><em>ἱερογραμματεῖς</em></span> <span class='ocrx_word' id='word_1_78' title='bbox 1110 1025 1438 1095; x_wconf 80' lang='grc' dir='ltr'><em>ἀμφοτέρων</em></span> <span class='ocrx_word' id='word_1_79' title='bbox 1489 1036 1597 1079; x_wconf 84' lang='grc' dir='ltr'><em>τῶν</em></span> <span class='ocrx_word' id='word_1_80' title='bbox 1639 1025 1844 1091; x_wconf 81' lang='grc' dir='ltr'><em>ἐθνῶν,</em></span> 
     </span>
     <span class='ocr_line' id='line_1_12' title="bbox 148 1113 1841 1185; baseline -0.003 -15"><span class='ocrx_word' id='word_1_81' title='bbox 148 1120 468 1185; x_wconf 81' lang='grc' dir='ltr'><em>Αἰγυπτίων</em></span> <span class='ocrx_word' id='word_1_82' title='bbox 509 1113 609 1185; x_wconf 77' lang='grc' dir='ltr'><em>μὲν</em></span> <span class='ocrx_word' id='word_1_83' title='bbox 650 1117 722 1178; x_wconf 86' lang='grc' dir='ltr'><em>ὡς</em></span> <span class='ocrx_word' id='word_1_84' title='bbox 761 1116 890 1178; x_wconf 92' lang='grc' dir='ltr'><em>τούς</em></span> <span class='ocrx_word' id='word_1_85' title='bbox 927 1135 983 1167; x_wconf 91' lang='grc' dir='ltr'><em>τε</em></span> <span class='ocrx_word' id='word_1_86' title='bbox 1023 1118 1317 1184; x_wconf 87' lang='grc' dir='ltr'><em>πολεμίους</em></span> <span class='ocrx_word' id='word_1_87' title='bbox 1356 1122 1418 1183; x_wconf 75' lang='grc' dir='ltr'><em>τῇ</em></span> <span class='ocrx_word' id='word_1_88' title='bbox 1462 1114 1673 1167; x_wconf 89' lang='grc' dir='ltr'><em>ἐκείνου</em></span> <span class='ocrx_word' id='word_1_89' title='bbox 1713 1134 1841 1182; x_wconf 91' lang='grc' dir='ltr'><em>κρα-</em></span> 
     </span>
     <span class='ocr_line' id='line_1_13' title="bbox 147 1203 1840 1276; baseline -0.004 -16"><span class='ocrx_word' id='word_1_90' title='bbox 147 1209 404 1276; x_wconf 85' lang='grc' dir='ltr'><em>τήσοντες</em></span> <span class='ocrx_word' id='word_1_91' title='bbox 451 1205 613 1275; x_wconf 79' lang='grc' dir='ltr'><em>ἀρετῇ</em></span> <span class='ocrx_word' id='word_1_92' title='bbox 662 1203 753 1257; x_wconf 81' lang='grc' dir='ltr'><em>καὶ</em></span> <span class='ocrx_word' id='word_1_93' title='bbox 797 1206 894 1257; x_wconf 88' lang='grc' dir='ltr'><em>τὸν</em></span> <span class='ocrx_word' id='word_1_94' title='bbox 944 1207 1196 1272; x_wconf 83' lang='grc' dir='ltr'><em>Μωυσῆν</em></span> <span class='ocrx_word' id='word_1_95' title='bbox 1245 1204 1424 1275; x_wconf 77' lang='grc' dir='ltr'><em>ταύτῷ</em></span> <span class='ocrx_word' id='word_1_96' title='bbox 1467 1205 1613 1275; x_wconf 89' lang='grc' dir='ltr'><em>δόλῳ</em></span> <span class='ocrx_word' id='word_1_97' title='bbox 1653 1221 1840 1272; x_wconf 81' lang='grc' dir='ltr'><em>κατερ-</em></span> 
     </span>
     <span class='ocr_line' id='line_1_14' title="bbox 148 1290 1844 1365; baseline -0.004 -16"><span class='ocrx_word' id='word_1_98' title='bbox 148 1299 479 1365; x_wconf 91' lang='grc' dir='ltr'><em>γασόμενοι,</em></span> <span class='ocrx_word' id='word_1_99' title='bbox 541 1295 599 1346; x_wconf 75' lang='lat' dir='ltr'><em>oc</em></span> <span class='ocrx_word' id='word_1_100' title='bbox 657 1290 717 1346; x_wconf 76' lang='grc' dir='ltr'><em>δὲ</em></span> <span class='ocrx_word' id='word_1_101' title='bbox 779 1303 889 1345; x_wconf 85' lang='grc' dir='ltr'><em>τῶν</em></span> <span class='ocrx_word' id='word_1_102' title='bbox 944 1291 1214 1362; x_wconf 89' lang='grc' dir='ltr'><em>Ἑβραίων</em></span> <span class='ocrx_word' id='word_1_103' title='bbox 1271 1293 1343 1355; x_wconf 85' lang='grc' dir='ltr'><em>ὡς</em></span> <span class='ocrx_word' id='word_1_104' title='bbox 1404 1301 1602 1361; x_wconf 77' lang='grc' dir='ltr'><em>φυγεῖν</em></span> <span class='ocrx_word' id='word_1_105' title='bbox 1659 1291 1844 1353; x_wconf 85' lang='grc' dir='ltr'><em>αὐτοῖς</em></span> 
     </span>
     <span class='ocr_line' id='line_1_15' title="bbox 149 1381 1841 1453; baseline -0.003 -16"><span class='ocrx_word' id='word_1_106' title='bbox 149 1382 416 1453; x_wconf 83' lang='grc' dir='ltr'><em>ἐσομένου</em></span> <span class='ocrx_word' id='word_1_107' title='bbox 448 1386 578 1445; x_wconf 91' lang='grc' dir='ltr'><em>τοὺς</em></span> <span class='ocrx_word' id='word_1_108' title='bbox 602 1384 942 1450; x_wconf 84' lang='grc' dir='ltr'><em>Αἰγυπτίους</em></span> <span class='ocrx_word' id='word_1_109' title='bbox 975 1383 1066 1434; x_wconf 79' lang='grc' dir='ltr'><em>διὰ</em></span> <span class='ocrx_word' id='word_1_110' title='bbox 1098 1384 1159 1434; x_wconf 90' lang='grc' dir='ltr'><em>τὸ</em></span> <span class='ocrx_word' id='word_1_111' title='bbox 1184 1384 1440 1448; x_wconf 90' lang='grc' dir='ltr'><em>Μωυσῆν</em></span> <span class='ocrx_word' id='word_1_112' title='bbox 1473 1381 1654 1432; x_wconf 84' lang='grc' dir='ltr'><em>αὐτῶν</em></span> <span class='ocrx_word' id='word_1_113' title='bbox 1681 1396 1841 1449; x_wconf 91' lang='grc' dir='ltr'><em>στρα-</em></span> 
     </span>
     <span class='ocr_line' id='line_1_16' title="bbox 82 1467 1841 1541; baseline -0.003 -15"><span class='ocrx_word' id='word_1_114' title='bbox 82 1488 123 1520; x_wconf 84' lang='grc'><em>15</em></span> <span class='ocrx_word' id='word_1_115' title='bbox 148 1482 350 1541; x_wconf 89' lang='grc' dir='ltr'><em>τηγεῖν.</em></span> <span class='ocrx_word' id='word_1_116' title='bbox 428 1473 610 1539; x_wconf 77' lang='grc'>&lt;244&gt;</span> <span class='ocrx_word' id='word_1_117' title='bbox 666 1471 694 1523; x_wconf 89' lang='grc' dir='ltr'>ὃ</span> <span class='ocrx_word' id='word_1_118' title='bbox 747 1468 807 1523; x_wconf 73' lang='grc' dir='ltr'><em>δὲ</em></span> <span class='ocrx_word' id='word_1_119' title='bbox 858 1471 1078 1539; x_wconf 89' lang='grc' dir='ltr'><em>φθάσας</em></span> <span class='ocrx_word' id='word_1_120' title='bbox 1128 1468 1259 1539; x_wconf 79' lang='grc' dir='ltr'><em>πρὶν</em></span> <span class='ocrx_word' id='word_1_121' title='bbox 1308 1469 1339 1537; x_wconf 79' lang='grc' dir='ltr'>ἢ</span> <span class='ocrx_word' id='word_1_122' title='bbox 1389 1467 1672 1521; x_wconf 88' lang='grc' dir='ltr'><em>πυθέσθαι</em></span> <span class='ocrx_word' id='word_1_123' title='bbox 1712 1471 1841 1531; x_wconf 87' lang='grc' dir='ltr'><em>τοὺς</em></span> 
     </span>
     <span class='ocr_line' id='line_1_17' title="bbox 146 1557 1841 1631; baseline -0.004 -16"><span class='ocrx_word' id='word_1_124' title='bbox 146 1565 443 1631; x_wconf 89' lang='grc' dir='ltr'><em>πολεμίους</em></span> <span class='ocrx_word' id='word_1_125' title='bbox 489 1557 588 1629; x_wconf 87' lang='grc' dir='ltr'><em>τὴν</em></span> <span class='ocrx_word' id='word_1_126' title='bbox 641 1562 846 1629; x_wconf 82' lang='grc' dir='ltr'><em>ἔφοδον</em></span> <span class='ocrx_word' id='word_1_127' title='bbox 886 1559 1084 1626; x_wconf 85' lang='grc' dir='ltr'><em>αὐτοῦ,</em></span> <span class='ocrx_word' id='word_1_128' title='bbox 1135 1561 1232 1611; x_wconf 89' lang='grc' dir='ltr'><em>τὸν</em></span> <span class='ocrx_word' id='word_1_129' title='bbox 1273 1560 1506 1628; x_wconf 91' lang='grc' dir='ltr'><em>στρατὸν</em></span> <span class='ocrx_word' id='word_1_130' title='bbox 1546 1557 1841 1626; x_wconf 87' lang='grc' dir='ltr'><em>ἀναλαβὼν</em></span> 
     </span>
     <span class='ocr_line' id='line_1_18' title="bbox 148 1648 1841 1719; baseline -0.004 -15"><span class='ocrx_word' id='word_1_131' title='bbox 148 1648 316 1719; x_wconf 76' lang='grc' dir='ltr'><em>ἦγεν,</em></span> <span class='ocrx_word' id='word_1_132' title='bbox 371 1651 437 1703; x_wconf 85' lang='grc' dir='ltr'><em>οὐ</em></span> <span class='ocrx_word' id='word_1_133' title='bbox 491 1651 582 1702; x_wconf 77' lang='grc' dir='ltr'><em>διὰ</em></span> <span class='ocrx_word' id='word_1_134' title='bbox 637 1658 733 1702; x_wconf 86' lang='grc' dir='ltr'><em>τοῦ</em></span> <span class='ocrx_word' id='word_1_135' title='bbox 781 1657 1028 1717; x_wconf 86' lang='grc' dir='ltr'><em>ποταμοῦ</em></span> <span class='ocrx_word' id='word_1_136' title='bbox 1083 1648 1449 1716; x_wconf 89' lang='grc' dir='ltr'><em>ποιησάμενος</em></span> <span class='ocrx_word' id='word_1_137' title='bbox 1499 1648 1599 1714; x_wconf 85' lang='grc' dir='ltr'><em>τὴν</em></span> <span class='ocrx_word' id='word_1_138' title='bbox 1651 1649 1841 1698; x_wconf 79' lang='grc' dir='ltr'><em>ἔλασιν</em></span> 
     </span>
     <span class='ocr_line' id='line_1_19' title="bbox 149 1735 1842 1807; baseline -0.003 -16"><span class='ocrx_word' id='word_1_139' title='bbox 149 1739 286 1791; x_wconf 84' lang='grc' dir='ltr'><em>ἀλλὰ</em></span> <span class='ocrx_word' id='word_1_140' title='bbox 328 1739 419 1791; x_wconf 78' lang='grc' dir='ltr'><em>διὰ</em></span> <span class='ocrx_word' id='word_1_141' title='bbox 460 1746 571 1807; x_wconf 92' lang='grc' dir='ltr'><em>γῆς.</em></span> <span class='ocrx_word' id='word_1_142' title='bbox 650 1739 789 1790; x_wconf 82' lang='grc' dir='ltr'><em>ἔνθα</em></span> <span class='ocrx_word' id='word_1_143' title='bbox 836 1746 929 1806; x_wconf 87' lang='grc' dir='ltr'><em>τῆς</em></span> <span class='ocrx_word' id='word_1_144' title='bbox 977 1737 1148 1789; x_wconf 86' lang='grc' dir='ltr'><em>αὐτοῦ</em></span> <span class='ocrx_word' id='word_1_145' title='bbox 1201 1735 1472 1798; x_wconf 88' lang='grc' dir='ltr'><em>συνέσεως</em></span> <span class='ocrx_word' id='word_1_146' title='bbox 1510 1736 1842 1803; x_wconf 86' lang='grc' dir='ltr'><em>θαυμαστὴν</em></span> 
     </span>
     <span class='ocr_line' id='line_1_20' title="bbox 149 1823 1841 1895; baseline -0.004 -15"><span class='ocrx_word' id='word_1_147' title='bbox 149 1827 411 1891; x_wconf 84' lang='grc' dir='ltr'><em>ἐπίδειξιν</em></span> <span class='ocrx_word' id='word_1_148' title='bbox 453 1827 760 1895; x_wconf 83' lang='grc' dir='ltr'><em>ἐποιήσατο.</em></span> <span class='ocrx_word' id='word_1_149' title='bbox 839 1827 1022 1894; x_wconf 76' lang='lat'>&lt;245&gt;</span> <span class='ocrx_word' id='word_1_150' title='bbox 1061 1833 1154 1893; x_wconf 93' lang='grc' dir='ltr'><em>τῆς</em></span> <span class='ocrx_word' id='word_1_151' title='bbox 1192 1826 1296 1893; x_wconf 76' lang='grc' dir='ltr'><em>γὰρ</em></span> <span class='ocrx_word' id='word_1_152' title='bbox 1338 1832 1435 1892; x_wconf 92' lang='grc' dir='ltr'><em>γῆς</em></span> <span class='ocrx_word' id='word_1_153' title='bbox 1473 1828 1707 1893; x_wconf 87' lang='grc' dir='ltr'><em>χαλεπῆς</em></span> <span class='ocrx_word' id='word_1_154' title='bbox 1748 1823 1841 1875; x_wconf 80' lang='grc' dir='ltr'><em>οὔ-</em></span> 
     </span>
     <span class='ocr_line' id='line_1_21' title="bbox 83 1912 1841 1984; baseline -0.003 -15"><span class='ocrx_word' id='word_1_155' title='bbox 83 1930 125 1962; x_wconf 81' lang='lat'><em>20</em></span> <span class='ocrx_word' id='word_1_156' title='bbox 151 1932 248 1984; x_wconf 91' lang='grc' dir='ltr'><em>σης</em></span> <span class='ocrx_word' id='word_1_157' title='bbox 280 1917 583 1983; x_wconf 88' lang='grc' dir='ltr'><em>ὁδευθῆναι</em></span> <span class='ocrx_word' id='word_1_158' title='bbox 617 1916 709 1967; x_wconf 83' lang='grc' dir='ltr'><em>διὰ</em></span> <span class='ocrx_word' id='word_1_159' title='bbox 740 1919 954 1983; x_wconf 90' lang='grc' dir='ltr'><em>πλῆθος</em></span> <span class='ocrx_word' id='word_1_160' title='bbox 986 1912 1224 1982; x_wconf 81' lang='grc' dir='ltr'><em>ἑρπετῶν</em></span> <span class='ocrx_word' id='word_1_161' title='bbox 1268 1912 1694 1982; x_wconf 76' lang='grc' dir='ltr'><em>(παμφορωτάτη</em></span> <span class='ocrx_word' id='word_1_162' title='bbox 1738 1912 1841 1981; x_wconf 90' lang='grc' dir='ltr'><em>γάρ</em></span> 
     </span>
     <span class='ocr_line' id='line_1_22' title="bbox 151 2001 1840 2072; baseline -0.003 -15"><span class='ocrx_word' id='word_1_163' title='bbox 151 2004 265 2057; x_wconf 87' lang='grc' dir='ltr'><em>ἐστι</em></span> <span class='ocrx_word' id='word_1_164' title='bbox 314 2006 560 2072; x_wconf 91' lang='grc' dir='ltr'><em>τούτων,</em></span> <span class='ocrx_word' id='word_1_165' title='bbox 616 2005 688 2067; x_wconf 85' lang='grc' dir='ltr'><em>ὡς</em></span> <span class='ocrx_word' id='word_1_166' title='bbox 737 2003 828 2056; x_wconf 84' lang='grc' dir='ltr'><em>καὶ</em></span> <span class='ocrx_word' id='word_1_167' title='bbox 876 2005 940 2056; x_wconf 77' lang='grc' dir='ltr'><em>τὰ</em></span> <span class='ocrx_word' id='word_1_168' title='bbox 988 2001 1112 2071; x_wconf 77' lang='grc' dir='ltr'><em>παρ’</em></span> <span class='ocrx_word' id='word_1_169' title='bbox 1161 2004 1347 2063; x_wconf 78' lang='grc' dir='ltr'><em>ἄλλοις</em></span> <span class='ocrx_word' id='word_1_170' title='bbox 1387 2001 1488 2053; x_wconf 88' lang='grc' dir='ltr'><em>οὐκ</em></span> <span class='ocrx_word' id='word_1_171' title='bbox 1529 2002 1660 2053; x_wconf 81' lang='grc' dir='ltr'><em>ὄντα</em></span> <span class='ocrx_word' id='word_1_172' title='bbox 1700 2003 1840 2068; x_wconf 91' lang='grc' dir='ltr'><em>μόνη</em></span> 
     </span>
     <span class='ocr_line' id='line_1_23' title="bbox 149 2088 1845 2162; baseline -0.002 -18"><span class='ocrx_word' id='word_1_173' title='bbox 149 2090 390 2162; x_wconf 86' lang='grc' dir='ltr'><em>τρέφειν,</em></span> <span class='ocrx_word' id='word_1_174' title='bbox 430 2094 662 2161; x_wconf 89' lang='grc' dir='ltr'><em>δυνάμει</em></span> <span class='ocrx_word' id='word_1_175' title='bbox 687 2112 743 2145; x_wconf 92' lang='grc' dir='ltr'><em>τε</em></span> <span class='ocrx_word' id='word_1_176' title='bbox 775 2091 866 2145; x_wconf 84' lang='grc' dir='ltr'><em>καὶ</em></span> <span class='ocrx_word' id='word_1_177' title='bbox 899 2094 1058 2162; x_wconf 78' lang='grc' dir='ltr'><em>κακία</em></span> <span class='ocrx_word' id='word_1_178' title='bbox 1091 2089 1180 2142; x_wconf 81' lang='grc' dir='ltr'><em>καὶ</em></span> <span class='ocrx_word' id='word_1_179' title='bbox 1213 2098 1285 2161; x_wconf 77' lang='grc' dir='ltr'><em>τῷ</em></span> <span class='ocrx_word' id='word_1_180' title='bbox 1328 2097 1421 2157; x_wconf 91' lang='grc' dir='ltr'><em>τῆς</em></span> <span class='ocrx_word' id='word_1_181' title='bbox 1462 2091 1637 2153; x_wconf 80' lang='grc' dir='ltr'><em>ὅψεως</em></span> <span class='ocrx_word' id='word_1_182' title='bbox 1677 2088 1845 2141; x_wconf 86' lang='grc' dir='ltr'><em>ἀσυν-</em></span> 
     </span>
     <span class='ocr_line' id='line_1_24' title="bbox 154 2176 1843 2251; baseline -0.002 -18"><span class='ocrx_word' id='word_1_183' title='bbox 154 2183 284 2249; x_wconf 80' lang='grc' dir='ltr'><em>ήθει</em></span> <span class='ocrx_word' id='word_1_184' title='bbox 341 2180 703 2251; x_wconf 80' lang='grc' dir='ltr'><em>διαφέροντα’</em></span> <span class='ocrx_word' id='word_1_185' title='bbox 759 2182 881 2234; x_wconf 79' lang='grc' dir='ltr'><em>τινὰ</em></span> <span class='ocrx_word' id='word_1_186' title='bbox 946 2178 995 2232; x_wconf 79' lang='grc' dir='ltr'><em>δ’</em></span> <span class='ocrx_word' id='word_1_187' title='bbox 1066 2180 1247 2232; x_wconf 83' lang='grc' dir='ltr'><em>αὐτῶν</em></span> <span class='ocrx_word' id='word_1_188' title='bbox 1304 2177 1417 2231; x_wconf 84' lang='grc' dir='ltr'><em>ἐστὶ</em></span> <span class='ocrx_word' id='word_1_189' title='bbox 1465 2176 1555 2230; x_wconf 84' lang='grc' dir='ltr'><em>καὶ</em></span> <span class='ocrx_word' id='word_1_190' title='bbox 1605 2178 1843 2245; x_wconf 89' lang='grc' dir='ltr'><em>πετεινά,</em></span> 
     </span>
     <span class='ocr_line' id='line_1_25' title="bbox 152 2265 1844 2338; baseline -0.001 -18"><span class='ocrx_word' id='word_1_191' title='bbox 152 2269 224 2331; x_wconf 83' lang='grc' dir='ltr'><em>ὡς</em></span> <span class='ocrx_word' id='word_1_192' title='bbox 263 2272 508 2321; x_wconf 89' lang='grc' dir='ltr'><em>λαθόντα</em></span> <span class='ocrx_word' id='word_1_193' title='bbox 556 2267 656 2337; x_wconf 74' lang='grc' dir='ltr'><em>μὲν</em></span> <span class='ocrx_word' id='word_1_194' title='bbox 705 2270 809 2322; x_wconf 89' lang='grc' dir='ltr'><em>ἀπὸ</em></span> <span class='ocrx_word' id='word_1_195' title='bbox 858 2277 956 2337; x_wconf 89' lang='grc' dir='ltr'><em>γῆς</em></span> <span class='ocrx_word' id='word_1_196' title='bbox 1002 2276 1332 2338; x_wconf 87' lang='grc' dir='ltr'><em>κακουργεῖν</em></span> <span class='ocrx_word' id='word_1_197' title='bbox 1378 2265 1469 2319; x_wconf 85' lang='grc' dir='ltr'><em>καὶ</em></span> <span class='ocrx_word' id='word_1_198' title='bbox 1508 2268 1579 2335; x_wconf 86' lang='grc' dir='ltr'><em>μὴ</em></span> <span class='ocrx_word' id='word_1_199' title='bbox 1620 2267 1844 2335; x_wconf 85' lang='grc' dir='ltr'><em>προϊδο-</em></span> 
     </span>
     <span class='ocr_line' id='line_1_26' title="bbox 85 2354 1844 2427; baseline -0.002 -18"><span class='ocrx_word' id='word_1_200' title='bbox 85 2370 126 2403; x_wconf 78' lang='lat'><em>25</em></span> <span class='ocrx_word' id='word_1_201' title='bbox 152 2354 352 2425; x_wconf 88' lang='grc' dir='ltr'><em>μένους</em></span> <span class='ocrx_word' id='word_1_202' title='bbox 402 2357 613 2409; x_wconf 81' lang='grc' dir='ltr'><em>ἀδικεῖν</em></span> <span class='ocrx_word' id='word_1_203' title='bbox 664 2358 938 2427; x_wconf 83' lang='grc' dir='ltr'><em>ὑπερπετῆ</em></span> <span class='ocrx_word' id='word_1_204' title='bbox 990 2355 1276 2426; x_wconf 79' lang='grc' dir='ltr'><em>γινόμενα)</em></span> <span class='ocrx_word' id='word_1_205' title='bbox 1330 2365 1450 2408; x_wconf 91' lang='grc' dir='ltr'><em>νοεῖ</em></span> <span class='ocrx_word' id='word_1_206' title='bbox 1495 2357 1630 2425; x_wconf 90' lang='grc' dir='ltr'><em>πρὸς</em></span> <span class='ocrx_word' id='word_1_207' title='bbox 1669 2354 1844 2422; x_wconf 79' lang='grc' dir='ltr'><em>ἀσφά-</em></span> 
     </span>
     <span class='ocr_line' id='line_1_27' title="bbox 152 2442 1844 2514; baseline -0.001 -19"><span class='ocrx_word' id='word_1_208' title='bbox 152 2448 306 2496; x_wconf 89' lang='grc' dir='ltr'><em>λειαν</em></span> <span class='ocrx_word' id='word_1_209' title='bbox 326 2442 416 2496; x_wconf 88' lang='grc' dir='ltr'><em>καὶ</em></span> <span class='ocrx_word' id='word_1_210' title='bbox 443 2444 654 2513; x_wconf 86' lang='grc' dir='ltr'><em>ἀβλαβῆ</em></span> <span class='ocrx_word' id='word_1_211' title='bbox 688 2448 914 2514; x_wconf 92' lang='grc' dir='ltr'><em>πορείαν</em></span> <span class='ocrx_word' id='word_1_212' title='bbox 949 2454 1047 2498; x_wconf 88' lang='grc' dir='ltr'><em>τοῦ</em></span> <span class='ocrx_word' id='word_1_213' title='bbox 1072 2445 1470 2514; x_wconf 89' lang='grc' dir='ltr'><em>στρατεύματος</em></span> <span class='ocrx_word' id='word_1_214' title='bbox 1496 2445 1844 2511; x_wconf 83' lang='grc' dir='ltr'><em>στρατήγημα</em></span> 
     </span>
     <span class='ocr_line' id='line_1_28' title="bbox 153 2529 1844 2601; baseline -0.002 -17"><span class='ocrx_word' id='word_1_215' title='bbox 153 2535 495 2600; x_wconf 89' lang='grc' dir='ltr'><em>θαυμαστόν.</em></span> <span class='ocrx_word' id='word_1_216' title='bbox 572 2532 753 2600; x_wconf 78' lang='grc'>&lt;246&gt;</span> <span class='ocrx_word' id='word_1_217' title='bbox 783 2531 1062 2601; x_wconf 84' lang='grc' dir='ltr'><em>πλέγματα</em></span> <span class='ocrx_word' id='word_1_218' title='bbox 1102 2534 1205 2601; x_wconf 81' lang='grc' dir='ltr'><em>γὰρ</em></span> <span class='ocrx_word' id='word_1_219' title='bbox 1248 2532 1452 2601; x_wconf 83' lang='grc' dir='ltr'><em>ἐμφερῆ</em></span> <span class='ocrx_word' id='word_1_220' title='bbox 1493 2534 1744 2599; x_wconf 90' lang='grc' dir='ltr'><em>κιβωτοῖς</em></span> <span class='ocrx_word' id='word_1_221' title='bbox 1786 2529 1844 2582; x_wconf 87' lang='grc' dir='ltr'><em>ἐκ</em></span> 
     </span>
     <span class='ocr_line' id='line_1_29' title="bbox 152 2618 1843 2689; baseline -0.002 -17"><span class='ocrx_word' id='word_1_222' title='bbox 152 2621 365 2689; x_wconf 90' lang='grc' dir='ltr'><em>βύβλου</em></span> <span class='ocrx_word' id='word_1_223' title='bbox 420 2621 825 2682; x_wconf 87' lang='grc' dir='ltr'><em>κατασκευάσας</em></span> <span class='ocrx_word' id='word_1_224' title='bbox 878 2620 967 2673; x_wconf 80' lang='grc' dir='ltr'><em>καὶ</em></span> <span class='ocrx_word' id='word_1_225' title='bbox 1030 2622 1319 2689; x_wconf 86' lang='grc' dir='ltr'><em>πληρώσας</em></span> <span class='ocrx_word' id='word_1_226' title='bbox 1383 2623 1546 2688; x_wconf 80' lang='grc' dir='ltr'><em>ἴβεων</em></span> <span class='ocrx_word' id='word_1_227' title='bbox 1609 2618 1843 2686; x_wconf 82' lang='grc' dir='ltr'><em>ἐκόμιζε·</em></span> 
     </span>
     <span class='ocr_line' id='line_1_30' title="bbox 152 2707 1846 2778; baseline -0.002 -17"><span class='ocrx_word' id='word_1_228' title='bbox 152 2709 558 2777; x_wconf 87' lang='grc' dir='ltr'><em>πολεμιώτατον</em></span> <span class='ocrx_word' id='word_1_229' title='bbox 606 2707 655 2760; x_wconf 82' lang='grc' dir='ltr'><em>δ’</em></span> <span class='ocrx_word' id='word_1_230' title='bbox 705 2708 818 2761; x_wconf 86' lang='grc' dir='ltr'><em>ἐστὶ</em></span> <span class='ocrx_word' id='word_1_231' title='bbox 857 2719 970 2772; x_wconf 89' lang='grc' dir='ltr'><em>τοῖς</em></span> <span class='ocrx_word' id='word_1_232' title='bbox 1010 2712 1170 2778; x_wconf 81' lang='grc' dir='ltr'><em>ὄφεσι</em></span> <span class='ocrx_word' id='word_1_233' title='bbox 1210 2717 1369 2761; x_wconf 89' lang='grc' dir='ltr'><em>τοῦτο</em></span> <span class='ocrx_word' id='word_1_234' title='bbox 1411 2709 1470 2760; x_wconf 92' lang='grc' dir='ltr'><em>τὸ</em></span> <span class='ocrx_word' id='word_1_235' title='bbox 1514 2710 1672 2778; x_wconf 74' lang='grc' dir='ltr'><em>ζῷον·</em></span> <span class='ocrx_word' id='word_1_236' title='bbox 1713 2707 1846 2775; x_wconf 91' lang='grc' dir='ltr'><em>φεύ-</em></span> 
     </span>
     <span class='ocr_line' id='line_1_31' title="bbox 86 2795 1844 2867; baseline -0.002 -17"><span class='ocrx_word' id='word_1_237' title='bbox 86 2812 129 2844; x_wconf 86' lang='lat'><em>30</em></span> <span class='ocrx_word' id='word_1_238' title='bbox 153 2801 320 2864; x_wconf 91' lang='grc' dir='ltr'><em>γουσί</em></span> <span class='ocrx_word' id='word_1_239' title='bbox 360 2816 415 2849; x_wconf 90' lang='grc' dir='ltr'><em>τε</em></span> <span class='ocrx_word' id='word_1_240' title='bbox 461 2798 565 2865; x_wconf 80' lang='grc' dir='ltr'><em>γὰρ</em></span> <span class='ocrx_word' id='word_1_241' title='bbox 618 2795 996 2867; x_wconf 85' lang='grc' dir='ltr'><em>ἐπερχομένας·</em></span> <span class='ocrx_word' id='word_1_242' title='bbox 1032 2796 1125 2850; x_wconf 85' lang='grc' dir='ltr'><em>καὶ</em></span> <span class='ocrx_word' id='word_1_243' title='bbox 1181 2797 1544 2866; x_wconf 90' lang='grc' dir='ltr'><em>ἀφιστάμενοι</em></span> <span class='ocrx_word' id='word_1_244' title='bbox 1595 2796 1844 2864; x_wconf 88' lang='grc' dir='ltr'><em>καθάπερ</em></span> 
     </span>
     <span class='ocr_line' id='line_1_32' title="bbox 273 2897 1607 2954; baseline -0.001 -13"><span class='ocrx_word' id='word_1_245' title='bbox 273 2902 296 2951; x_wconf 66' lang='grc' dir='ltr'>ἓ</span> <span class='ocrx_word' id='word_1_246' title='bbox 330 2902 416 2941; x_wconf 84' lang='grc'><em>243</em></span> <span class='ocrx_word' id='word_1_247' title='bbox 451 2897 507 2941; x_wconf 85' lang='lat' dir='ltr'><em>cf.</em></span> <span class='ocrx_word' id='word_1_248' title='bbox 541 2898 808 2953; x_wconf 69' lang='lat' dir='ltr'><strong>Artapanus</strong></span> <span class='ocrx_word' id='word_1_249' title='bbox 843 2911 915 2954; x_wconf 79' lang='lat' dir='ltr'><em>ap.</em></span> <span class='ocrx_word' id='word_1_250' title='bbox 948 2899 1114 2942; x_wconf 81' lang='lat' dir='ltr'>Euseb.</span> <span class='ocrx_word' id='word_1_251' title='bbox 1147 2912 1305 2954; x_wconf 80' lang='lat' dir='ltr'>praep.</span> <span class='ocrx_word' id='word_1_252' title='bbox 1341 2912 1408 2942; x_wconf 79' lang='lat' dir='ltr'><em>ev,</em></span> <span class='ocrx_word' id='word_1_253' title='bbox 1441 2897 1505 2941; x_wconf 90' lang='lat' dir='ltr'><em>IX</em></span> <span class='ocrx_word' id='word_1_254' title='bbox 1538 2903 1607 2941; x_wconf 77' lang='lat'><em>27.</em></span> 
     </span>
    </p>
   </div>
  </div>
 </body>
</html>
