1975 3111
843 105 1052 147 ΠΡΩΤΗ
1720 103 1792 155 25

108 246 378 312 Σίβυλλα,
403 240 640 310 λέγουσα
666 240 858 302 οὕτως·
887 239 1128 292 (πάντων
1155 239 1464 307 ὁμοφώνων
1487 240 1664 291 ὄντων
1683 247 1791 291 τῶν

106 331 441 401 ἀνθρώπων,
458 331 671 398 πύργον
689 326 1051 400 ᾠκοδόμησάν
1069 347 1212 390 τινες
1236 327 1582 394 ὑψηλότατον
1610 326 1681 388 ὣς
1707 325 1793 378 ἐπὶ

105 423 202 474 τὸν
242 420 482 489 οὐρανὸν
515 417 921 486 ἀναβησόμενοι
956 414 1026 469 δι’
1068 416 1252 469 αὐτοῦ.
1317 416 1373 468 οἱ
1409 413 1469 467 δὲ
1507 412 1632 467 θεοὶ
1673 412 1794 467 ἀνέ-

106 529 242 577 μους
289 505 686 576 ἐπιπέμψαντες
735 503 1039 574 ἀνέτρεψαν
1088 507 1184 557 τὸν
1224 505 1466 572 πύργον,
1516 501 1606 556 καὶ
1647 505 1794 556 ἰδίαν

61 616 80 647 5
108 595 313 669 ἑκάστῳ
345 597 541 666 φωνὴν
575 596 800 647 ἔδωκαν.
878 592 967 646 καὶ
1001 594 1091 646 διὰ
1123 601 1284 646 τοῦτο
1317 596 1625 661 Βαβυλῶνα
1667 607 1795 644 συν-

44 707 47 709 ·
107 683 201 754 έβη
243 690 516 753 κληθῆναι
556 685 655 752 τὴν
695 681 892 736 πόλιν.’
973 682 1155 750 <119>
1197 679 1319 750 περὶ
1362 678 1421 733 δὲ
1462 689 1560 733 τοῦ
1599 682 1793 733 πεδίου

106 781 204 826 τοῦ
244 770 544 840 λεγομένου
585 772 840 839 Σεννααρ
891 769 949 822 ἐν
997 778 1059 838 τῇ
1099 773 1433 840 Βαβυλωνία
1474 771 1622 840 χώρᾳ
1662 790 1795 837 μνη-

106 862 325 929 μονεύει
356 858 661 927 Ἑκαταῖος,
709 857 884 926 λέγων
926 859 1122 926 οὕτως,
1172 858 1299 910 ςτῶν
1341 856 1390 909 δ’
1439 856 1628 926 ἱερέων
1669 860 1796 919 τοὺς

106 947 499 1016 διασωθέντας,
531 949 594 1000 τὰ
627 956 725 1000 τοῦ
760 947 1017 999 ἐνυαλίου
1044 949 1181 1008 Διὸς
1216 947 1484 1015 ἱερώματα
1511 949 1795 1015 λαβόντας,

40 1058 82 1090 10
105 1039 182 1101 εἰς
221 1039 476 1106 Σενναὰρ
516 1045 609 1106 τῆς
646 1039 1006 1105 Βαβυλωνίας
1047 1034 1268 1088 ἐλθεῖν.’
1821 1033 1854 1086 5

9 1125 14 1129 ’
218 1126 399 1194 <120>
442 1127 763 1178 σκίδνανται
805 1126 872 1193 δὴ
907 1126 966 1177 τὸ
1002 1126 1196 1176 λοιπὸν
1238 1123 1519 1191 ἐντεῦθεν,
1560 1123 1665 1176 ὑπὸ
1707 1131 1799 1191 τῆς

106 1214 516 1283 ἀλλογλωσσίας
556 1215 648 1276 τὰς
681 1213 930 1275 ἀποικίας
962 1213 1323 1281 ποιησάμενοι
1363 1220 1667 1281 πανταχοῦ·
1708 1210 1798 1263 καὶ

107 1311 211 1371 γῆν
252 1302 467 1356 ἕκαστοι
509 1302 922 1371 κατελάμβανον
963 1303 1061 1369 τὴν
1104 1300 1443 1370 ἐντυχοῦσαν
1484 1298 1573 1352 καὶ
1614 1301 1689 1361 εἰς
1728 1299 1797 1366 ἣν

108 1392 308 1454 αὐτοὺς
361 1387 494 1459 ἦγεν
542 1392 570 1445 ὁ
618 1393 782 1457 θεός,
839 1390 910 1452 ὡς
963 1394 1327 1458 πληρωθῆναι
1381 1396 1562 1441 πᾶσαν
1618 1388 1799 1441 αὐτῶν

42 1501 83 1532 15
108 1482 369 1549 ἤπειρον,
426 1481 714 1548 μεσόγειόν
770 1497 823 1530 τε
873 1476 961 1530 καὶ
1009 1479 1294 1546 παράλιον.
1367 1476 1473 1530 εἰσὶ
1522 1475 1569 1529 δ’
1619 1480 1676 1530 οἳ
1710 1476 1799 1529 καὶ

105 1568 544 1637 περαιωσάμενοι
598 1565 761 1620 ναυσὶ
818 1568 910 1628 τὰς
964 1570 1168 1634 νήσους
1218 1564 1542 1637 κατῴκισαν.
1621 1566 1799 1632 <121>

106 1655 197 1709 καὶ
230 1666 338 1709 τῶν
373 1656 556 1709 ἐθνῶν
591 1658 708 1708 ἔνια
743 1652 841 1724 μὲν
876 1656 1126 1718 διασώζει
1168 1656 1260 1717 τὰς
1292 1655 1399 1708 ὑπὸ
1433 1664 1541 1706 τῶν
1582 1654 1800 1706 κτισάν-

107 1765 217 1798 των
258 1744 509 1814 κειμένας
547 1747 945 1814 προσηγορίας,
987 1746 1104 1796 ἕνια
1146 1741 1205 1796 δὲ
1246 1742 1335 1796 καὶ
1376 1742 1696 1812 μετέβαλεν,
1737 1743 1801 1795 τὰ

109 1831 169 1886 δὲ
209 1833 298 1886 καὶ
345 1836 480 1904 πρὸς
526 1836 587 1887 τὸ
629 1831 966 1902 σαφέστερον
1014 1829 1155 1885 εἶναι
1205 1833 1409 1885 δοκοῦν
1460 1841 1574 1893 τοῖς
1611 1849 1801 1899 παροι-

42 1943 84 1974 20
109 1931 267 1976 κοῦσι
322 1923 530 1991 τροπὴν
586 1923 794 1989 ἔλαβεν.
859 1918 1122 1989 ”Έλληνες
1178 1918 1227 1972 δ’
1290 1919 1431 1972 εἰσὶν
1495 1919 1553 1972 οὗ
1602 1920 1801 1972 τούτου

109 2011 469 2073 καταστάντες
523 2015 709 2063 αἴτιοι·
767 2009 1087 2078 ἰσχύσαντες
1141 2009 1244 2077 γὰρ
1303 2007 1362 2061 ἐν
1410 2018 1522 2070 τοῖς
1568 2008 1801 2078 ὕστερον

111 2101 259 2153 ἰδίαν
300 2099 626 2167 ἐποιήσαντο
668 2096 757 2150 καὶ
798 2099 897 2166 τὴν
929 2098 1094 2149 πάλαι
1136 2096 1323 2164 δόξαν,
1364 2100 1802 2158 καλλωπίσαντες

108 2190 174 2241 τὰ
229 2190 366 2257 ε”θνη
415 2196 530 2250 τοῖς
586 2186 817 2255 ὀνόμασι
866 2188 1002 2255 πρὸς
1049 2187 1108 2238 τὸ
1159 2187 1388 2238 συνετὸν
1438 2185 1658 2253 αὐτοῖς,
1713 2183 1801 2237 καὶ

109 2279 316 2345 κόσμον
354 2274 582 2345 θέμενοι
621 2277 896 2336 πολιτείας
936 2275 1008 2336 ὡς
1048 2272 1140 2342 ἀφ’
1189 2274 1370 2326 αὑτῶν
1411 2276 1717 2341 γεγονόσιν.
1829 2272 1861 2324 6

44 2384 85 2417 25
223 2365 403 2432 (1272)
456 2360 596 2432 ἦσαν
649 2360 709 2416 δὲ
758 2372 868 2416 τῶν
907 2361 1107 2416 Νωέου
1147 2364 1360 2415 παίδων
1400 2363 1539 2429 υἱοί,
1596 2356 1673 2414 ὧν
1715 2360 1802 2414 ἐπὶ

111 2460 236 2522 τιμῇ
284 2461 397 2514 τοῖς
444 2454 632 2504 ἔθνεσι
679 2452 744 2504 τὰ
797 2451 1037 2519 ὀνόματα
1078 2450 1401 2503 ἐπετίθεσαν
1443 2451 1499 2504 οἱ
1535 2458 1638 2518 γῆν
1678 2451 1801 2502 τινὰ

110 2540 636 2609 καταλαμβάνοντες.
707 2538 968 2608 Ἰαφέθου
1017 2537 1117 2607 μὲν
1160 2536 1262 2592 οὖν
1303 2548 1401 2592 τοῦ
1440 2536 1640 2591 Νωεόυ
1680 2556 1802 2591 παι-

113 2631 208 2692 δὸς
246 2626 387 2697 ἦσαν
422 2626 552 2681 ἑπτὰ
584 2629 712 2681 υἱοί.
775 2636 1090 2681 κατοικοῦσι
1132 2625 1192 2679 δὲ
1233 2624 1386 2680 οὗτοι
1427 2626 1532 2680 ἀπὸ
1582 2629 1801 2697 Ταύρου

111 2716 202 2770 καὶ
236 2715 475 2786 Ἀμάνου
524 2725 633 2768 τῶν
681 2715 827 2785 ὀρῶν
875 2715 1201 2786 ἀρξάμενοι,
1256 2714 1345 2767 καὶ
1385 2720 1674 2785 προῆλθον
1715 2715 1802 2768 ἐπὶ

46 2821 88 2852 30
113 2803 212 2875 μὲν
267 2813 361 2873 τῆς
408 2802 589 2866 Ἀσίας
643 2805 767 2874 ἄχρι
806 2812 1054 2873 ποταμοῦ
1109 2803 1411 2871 Τανάιδος,
1460 2803 1545 2856 ἐπὶ
1598 2802 1659 2857 δὲ
1708 2812 1803 2873 τῆς

235 2910 378 2959 §120
406 2927 461 2942 =
487 2904 598 2948 Gen.
633 2905 695 2948 XI
728 2911 775 2957 93
817 2906 855 2948 X
890 2909 958 2948 32.
1083 2909 1225 2957 §122
1254 2927 1306 2941 =
1335 2903 1445 2948 Gen.
1479 2905 1521 2947 X
1555 2911 1593 2949 1.
