2052 3141
821 120 1093 160 TETAPTH
1691 114 1796 167 219

112 264 223 307 τῶν
268 256 365 307 τὸν
412 256 623 321 κόσμον
670 255 747 315 εἰς
786 255 967 321 φόβον
1006 250 1355 320 κατέστησαν.
1433 250 1577 317 <91>
1615 247 1706 301 καὶ
1748 252 1805 302 οἳ

114 341 214 413 μὲν
246 341 646 413 ἀπορραγέντες
677 343 914 411 ἔφευγον
949 338 1035 392 ἐπὶ
1067 349 1175 392 τῶν
1207 342 1440 406 πόλεων,
1481 342 1539 391 οἳ
1567 334 1626 389 δὲ
1666 339 1801 405 πρὸς

112 434 212 500 τὴν
268 431 458 495 δίωξιν
515 431 615 484 οὐκ
671 433 945 498 ἔκαμνον,
1001 426 1121 481 ἀλλ’
1177 421 1258 490 οἷς
1307 429 1799 497 προπεπονήκεσαν

109 524 756 590 προσεπιταλαιπωρῆσαι
806 515 1169 587 προθέμενοι,
1231 515 1320 568 καὶ
1377 517 1693 584 σφενδονᾶν
1747 510 1793 565 τ’

66 610 325 678 ὃᾶριστοι
379 609 744 679 τυγχάνοντες
798 605 888 658 καὶ
942 614 1075 658 πᾶσι
1129 614 1242 667 τοῖς
1297 602 1580 672 ἑκηβόλοις
1632 600 1801 666 δεξιοὶ

109 702 369 766 χρῆσθαι,
411 697 502 749 διὰ
543 697 642 764 τὴν
674 695 894 747 ὅπλισιν
936 690 1110 746 οὖσαν
1151 694 1383 760 εὐσταλῆ
1424 699 1626 760 κοῦφοι
1666 692 1801 759 πρὸς

110 787 170 838 τὸ
221 786 442 837 διώκειν
494 786 647 846 ὄντες
693 781 955 851 μετέθεον
1004 785 1131 844 τοὺς
1169 782 1494 849 πολεμίους,
1545 777 1635 831 καὶ
1674 781 1802 840 τοὺς

109 873 440 943 πορρωτάτω
490 881 588 925 τοῦ
637 876 1026 939 συλληφθῆναι
1079 872 1373 938 γεγονότας
1411 878 1527 929 ταῖς
1568 868 1800 936 σφενδό-

109 981 231 1023 ναις
284 959 374 1013 καὶ
428 969 541 1022 τοῖς
595 958 887 1027 τοξεύμασι
940 959 1367 1026 κατελάμβανον.
1445 957 1590 1023 <92>
1629 958 1801 1024 φόνος

45 1068 86 1098 10
111 1047 155 1102 τ’
204 1044 306 1102 οὗν
346 1051 554 1117 γίνεται
593 1048 794 1115 πολύς,
834 1045 924 1099 καὶ
964 1047 1270 1115 τραύμασιν
1313 1045 1551 1098 ἐπόνουν
1592 1043 1649 1096 οἶ
1685 1045 1801 1095 δια-

111 1139 422 1208 φεύγοντες.
501 1139 739 1204 ἔκαμνον
789 1133 838 1187 δ’
887 1134 972 1187 ἐπὶ
1023 1136 1171 1199 δίψει
1220 1139 1429 1203 μᾶλλον
1470 1134 1503 1201 ἤ
1543 1152 1651 1184 τινι
1690 1141 1801 1184 τῶν

110 1230 420 1294 πολεμικῶν
462 1223 575 1295 (καὶ
609 1225 712 1293 γὰρ
740 1225 854 1293 ὥρα
878 1222 1082 1291 θέρους
1114 1218 1229 1292 ἦν),
1269 1219 1357 1274 καὶ
1398 1220 1665 1292 ἐπιθυμία
1704 1228 1801 1272 τοῦ

111 1324 257 1367 πιεῖν
314 1311 400 1366 ἐπὶ
446 1315 692 1381 ποταμὸν
740 1315 867 1373 τοὺς
915 1315 1136 1373 πλειόυς
1183 1308 1658 1379 καταραχθέντας,
1712 1306 1803 1360 καὶ

113 1403 247 1456 ὅσον
274 1399 755 1471 συνεστραμμένον
789 1402 1004 1470 ἔφευγε,
1044 1399 1394 1468 περιστάντες
1426 1400 1679 1466 ἔβαλλον,
1712 1395 1803 1449 καὶ

48 1509 88 1540 15
113 1491 318 1553 πάντας
373 1491 572 1552 αὐτοὺς
624 1489 998 1553 ἀκοντίζοντες
1046 1490 1155 1556 ἅμα
1195 1486 1284 1539 καὶ
1325 1486 1638 1550 τοξεύοντες
1694 1483 1802 1537 διέ-

113 1584 367 1649 φθειρον.
423 1579 567 1647 <93>
599 1577 941 1646 ἀποθνήσκει
969 1575 1016 1629 δ’
1050 1577 1231 1629 αὐτῶν
1264 1574 1354 1627 καὶ
1379 1576 1568 1644 Σιχὼν
1594 1575 1621 1627 ὁ
1648 1577 1803 1642 βασι-

113 1669 252 1730 λεύς.
323 1665 569 1736 Ἑβραῖοι
617 1664 675 1719 δὲ
726 1669 854 1728 τοὺς
899 1668 1131 1734 νεκροὺς
1183 1664 1481 1717 ἐσκύλευον
1521 1661 1610 1714 καὶ
1650 1664 1803 1715 λείαν

114 1758 341 1824 ἔλαβον,
388 1754 477 1808 καὶ
524 1756 736 1823 πολλὴν
784 1754 1066 1824 ἀφθονίαν
1117 1763 1226 1806 τῶν
1268 1752 1327 1805 ἐκ
1366 1760 1458 1820 τῆς
1497 1759 1594 1819 γῆς
1635 1746 1804 1820 εἶχον,

114 1851 310 1912 μεστῆς
350 1846 426 1897 ἔτι
467 1853 577 1896 τῶν
615 1853 841 1912 καρπῶν
872 1843 1239 1913 ὑπαρχούσης.
1317 1841 1461 1908 <94>
1486 1838 1575 1892 καὶ
1601 1837 1805 1909 διεξῄει

47 1951 90 1982 :20
114 1941 295 1986 πᾶσαν
335 1932 509 1993 ἀδεῶς
554 1934 614 1985 τὸ
665 1932 971 2001 στράτευμα
1021 1937 1271 2001 προνομῇ
1313 1930 1632 1999 χρώμενον,
1689 1927 1805 1979 ἁλι-

115 2020 398 2090 σκομένων
452 2019 542 2073 καὶ
589 2030 698 2073 τῶν
745 2023 983 2073 πόλεων·
1041 2017 1207 2073 οὐδὲν
1255 2019 1357 2087 γὰρ
1406 2017 1551 2086 παρὰ
1590 2017 1804 2069 τούτων

113 2106 184 2177 ἦν
223 2108 507 2178 ἐμπόδιον,
546 2117 644 2162 τοῦ
685 2112 923 2178 μαχίμου
964 2110 1165 2170 παντὸς
1204 2106 1565 2167 ἀπολωλότος.

220 2194 580 2267 Ἀμορραίους
604 2194 704 2266 μὲν
729 2193 831 2250 οὗν
864 2206 1080 2250 τοιοῦτο
1114 2196 1293 2257 πάθος
1324 2192 1638 2261 κατέλαβεν,
1679 2193 1804 2245 οὔτε

114 2293 390 2355 φρονῆσαι
431 2287 648 2348 δεινοὺς
689 2283 802 2338 οὔτ’
844 2285 1091 2353 ἀγαθοὺς
1129 2284 1262 2336 κατὰ
1302 2278 1540 2350 τοῦργον
1580 2283 1804 2348 γεγονό-

47 2390 91 2424 25
114 2390 229 2436 τας·
263 2372 508 2443 Ἑβραῖοι
559 2370 620 2425 δὲ
672 2375 771 2442 τὴν
825 2373 1050 2425 ἐκείνων
1102 2380 1205 2440 γῆν
1255 2368 1582 2439 παρέλαβον.
1660 2368 1804 2436 <95>

116 2465 229 2516 ἔστι
285 2459 344 2514 δὲ
406 2464 610 2531 χωρίον
666 2461 693 2514 ὃ
750 2470 918 2531 τριῶν
970 2460 1169 2529 μεταξὺ
1232 2469 1493 2527 ποταμῶν
1548 2460 1804 2525 κείμενον

115 2552 309 2620 ὅμοιον
364 2552 514 2621 νήσῳ
568 2551 669 2617 τὴν
723 2550 893 2618 φύσιν
948 2549 1204 2618 ὑπάρχει,
1251 2556 1350 2600 τοῦ
1398 2543 1498 2615 μὲν
1532 2543 1805 2615 Ἀρνῶνος

115 2639 220 2692 ἀπὸ
261 2640 598 2707 μεσημβρίας
638 2637 913 2707 ὁρίζοντος
952 2636 1103 2702 αὐτό,
1137 2633 1423 2704 ’Ῑαβάκχου
1466 2631 1526 2686 δὲ
1566 2635 1667 2702 τῆν
1708 2633 1803 2704 ἀρ-

115 2724 296 2799 κτςόαν
335 2726 505 2778 αὐτοῦ
543 2726 786 2793 πλευρὰν
825 2725 1286 2795 περιγράφοντος,
1327 2722 1385 2784 ὃς
1424 2723 1501 2784 είς
1539 2724 1636 2775 τὸν
1670 2720 1804 2791 Ἰορ-

48 2832 92 2862 30
118 2815 293 2883 δάνην
324 2816 569 2882 ποταμὸν
603 2813 883 2881 ἐκβάλλων
918 2813 1106 2885 ἐκείνῳ
1139 2811 1228 2864 καὶ
1253 2819 1350 2864 τοῦ
1375 2811 1613 2879 νάματος
1645 2830 1802 2879 μετα-

236 2920 260 2968 ἓ
293 2920 346 2959 91
376 2936 429 2951 =
454 2914 590 2957 Num.
625 2913 730 2956 XX[
763 2918 832 2956 ⁶24.
