2052 3141
828 59 1007 100 TPITH
1662 56 1767 109 143

88 199 205 246 λειν
236 196 334 247 τὸν
371 195 509 246 θεὸν
549 189 668 244 ἀλλ’
708 190 795 245 ἐπὶ
834 195 995 263 πείρᾳ
1034 199 1127 259 τῆς
1165 190 1419 260 ἀνδρείας
1458 191 1640 244 αὐτῶν
1678 190 1771 244 καὶ

83 289 178 349 τῆς
207 279 331 351 περὶ
361 282 461 349 τὴν
495 280 821 350 ἐλευθερίαν
854 280 1076 348 ἡδονῆς,
1117 280 1260 346 <20>
1287 280 1378 331 ἵνα
1410 279 1582 347 μάθοι
1614 282 1769 332 πότε-

83 373 184 439 ρόν
222 388 351 423 ποτε
382 366 474 420 καὶ
504 375 708 438 τροφῆς
749 367 985 437 ἀπορίαν
1024 365 1114 419 καὶ
1156 367 1354 419 σπάνιν
1393 367 1593 429 ὕδατος
1631 364 1768 436 ὑπὲρ

84 458 248 526 αὐτῆς
279 454 399 510 ἐστὲ
431 455 674 524 ἐνεγκεῖν
707 465 971 524 γενναῖοι,
1010 455 1043 523 ἢ
1071 456 1357 508 δουλεύειν
1390 459 1599 522 μᾶλλον
1641 454 1770 522 ἀγα-

37 554 213 598 5πᾶτε
265 545 512 615 καθάπερ
563 545 628 597 τὰ
678 546 993 612 βοσκήματα
1044 552 1158 606 τοῖς
1207 552 1468 612 κρατοῦσι
1518 541 1607 595 καὶ
1658 552 1773 605 τοῖς

81 637 216 705 πρὸς
269 635 362 696 τὰς
415 633 639 686 ἐκείνων
697 633 999 702 ὑπηρεσίας
1060 631 1323 701 ἀφθόνως
1384 630 1768 701 τρεφομένοις·

83 722 227 789 <21>
277 720 518 774 δεδιέναι
567 718 615 774 δ’
662 722 832 774 εἰπὼν
880 721 979 790 οὐχ
1029 721 1201 782 οὕτως
1246 717 1383 790 ὑπὲρ
1431 728 1524 788 τῆς
1572 718 1769 773 ἑαυτοῦ

83 813 350 879 σωτηρίας
389 811 699 875 (πείσεσθαι
746 810 849 877 γὰρ
905 805 1069 861 οὐδὲν
1109 810 1277 861 κακὸν
1318 807 1519 870 ἀδίκως
1559 807 1770 861 ἀποθα-

79 897 253 967 νών),
309 895 425 951 ἀλλ’
471 894 609 967 ὑπὲρ
658 897 874 964 αὐτῶν,
931 898 1002 965 μὴ
1052 895 1122 948 δι’
1172 891 1249 948 ὧν
1304 894 1384 949 ἐπ’
1431 896 1599 948 αὐτὸν
1640 897 1771 964 βάλ-

16 1003 57 1034 10
82 991 241 1039 λουσι
280 988 459 1038 λίθων
498 994 596 1038 τοῦ
628 990 767 1038 θεοῦ
802 993 1171 1054 καταφρονεῖν
1211 990 1576 1053 νομισθῶσιν,
1626 985 1769 1051 <22>

81 1073 352 1143 ἐπράυνεν
407 1073 639 1141 αὐτούς,
700 1071 791 1125 καὶ
851 1080 946 1140 τῆς
1007 1070 1106 1141 μὲν
1161 1081 1261 1125 τοῦ
1322 1073 1546 1141 βάλλειν
1601 1073 1770 1141 ὁρμῆς
1803 1088 1829 1128 5

80 1159 301 1230 ἐπέσχε,
351 1158 442 1213 καὶ
493 1161 570 1222 εἰς
620 1160 914 1228 μετάνοιαν
966 1154 1043 1211 ὧν
1092 1161 1321 1227 ἔμελλον
1373 1161 1513 1228 δρᾶν
1555 1163 1768 1229 ἐ’τρεψε’

79 1255 281 1302 παθεῖν
322 1246 372 1301 δ’
420 1249 519 1301 οὐκ
559 1247 770 1315 ἀλόγως
811 1248 1010 1310 αὐτοὺς
1051 1248 1141 1299 διὰ
1181 1248 1281 1315 τὴν
1322 1247 1566 1316 ἀνάγκην
1607 1258 1770 1302 τοῦτο

80 1341 308 1406 νομίσας
333 1340 473 1405 ἔγνω
494 1338 612 1390 δεῖν
640 1335 722 1405 ἐφ’
757 1336 987 1388 ἱκετείαν
1011 1344 1110 1388 τοῦ
1141 1341 1282 1388 θεοῦ
1314 1334 1402 1388 καὶ
1427 1337 1770 1405 παράκλησιν

15 1444 56 1476 15
83 1426 296 1495 ἐλθεῖν,
343 1425 434 1478 καὶ
474 1425 679 1493 ἀναβὰς
718 1424 810 1476 ἐπί
844 1445 966 1477 τινα
1008 1425 1217 1492 σκοπὴν
1256 1423 1478 1493 ὑψηλὴν
1518 1424 1634 1495 ᾔτει
1673 1428 1770 1478 πό-

79 1535 180 1585 ρον
219 1515 342 1568 τινὰ
373 1522 446 1586 τῷ
481 1519 593 1585 λαῷ
628 1512 718 1566 καὶ
750 1520 844 1580 τῆς
885 1513 1095 1574 ἐνδείας
1134 1511 1455 1581 ἀπαλλαγήν
1497 1512 1581 1583 (ἐν
1621 1514 1767 1585 αὐτῷ

78 1604 181 1672 γὰρ
237 1598 379 1655 εἶναι
441 1604 541 1671 τὴν
604 1605 878 1671 σωτηρίαν
934 1602 1104 1655 αὐτοῦ
1158 1599 1249 1654 καὶ
1305 1602 1406 1654 οὐκ
1462 1601 1521 1654 ἐν
1576 1601 1769 1674 ἄλλω),

80 1692 223 1759 <23>
266 1692 666 1758 συγγινώσκειν
704 1711 760 1743 τε
802 1700 915 1752 τοῖς
957 1698 1063 1743 νῦν
1103 1691 1209 1743 ὑπὸ
1250 1698 1343 1758 τῆς
1384 1690 1622 1759 ἀνάγκης
1661 1690 1769 1743 ὑπὸ

79 1788 177 1832 τοῦ
227 1783 364 1832 λαοῦ
410 1778 828 1848 πραττομένοις,
875 1780 1038 1847 φύσει
1078 1777 1418 1846 δυσαρέστου
1459 1777 1548 1830 καὶ
1588 1783 1769 1847 φιλαι-

14 1884 56 1916 20
79 1871 200 1920 τίου
263 1875 360 1920 τοῦ
407 1876 516 1919 τῶν
579 1866 896 1935 ἀνθρώπων
948 1867 1006 1919 ἐν
1069 1860 1150 1929 οἷς
1212 1866 1280 1918 ἂν
1342 1865 1510 1935 ἀτυχῇ
1574 1865 1770 1933 γένους

80 1957 252 2017 ὄντος.
330 1955 359 2009 ὁ
420 1952 480 2007 δὲ
536 1958 668 2018 θεὸς
727 1957 1059 2025 προνοήσειν
1118 1953 1167 2007 τ’
1239 1952 1623 2022 ἐπαγγέλλεται
1679 1953 1770 2007 καὶ

78 2042 331 2113 παρέξειν
370 2043 627 2113 ἀφορμὴν
666 2044 735 2112 ἣν
781 2049 1039 2097 ποθοῦσι.
1119 2043 1262 2110 <24>
1282 2045 1530 2110 Μωυσης
1570 2041 1629 2095 δε
1669 2053 1769 2098 τοῦ

78 2137 218 2185 θεοῦ
264 2129 413 2185 ταῦτ’
461 2131 699 2194 ἀκούσας
749 2135 1062 2200 καταβαίνει
1113 2133 1248 2200 πρὸς
1298 2133 1358 2184 τὸ
1409 2135 1636 2199 πληθος.
1717 2134 1774 2185 οὐ

82 2218 130 2271 δ’
178 2220 250 2282 ὡς
283 2218 471 2290 ἐώρων
501 2219 592 2272 καὶ
623 2230 739 2282 ταῖς
772 2220 1114 2287 ἐπαγγελίαις
1151 2229 1268 2282 ταῖς
1306 2220 1450 2288 παρὰ
1490 2228 1589 2272 τοῦ
1627 2224 1768 2272 θεοῦ

13 2323 54 2356 25
79 2310 380 2377 γεγηθότα,
427 2307 725 2377 μετέβαλον
773 2308 832 2360 ἐκ
872 2317 965 2377 τῆς
1003 2311 1295 2377 κατηφείας
1343 2306 1428 2360 ἐπὶ
1468 2309 1527 2359 τὸ
1571 2307 1767 2376 ἱλαρώ-

77 2411 259 2465 τερον·
309 2394 399 2447 καὶ
448 2397 574 2458 στὰς
622 2396 828 2458 ἐκεῖνος
876 2395 934 2448 ἐν
975 2394 1160 2464 μέσοις
1197 2396 1351 2463 ἥκειν
1392 2397 1540 2462 ε”λεγε
1580 2394 1766 2464 φέρων

78 2483 263 2545 αὐτοῖς
294 2484 439 2552 παρὰ
470 2491 567 2536 τοῦ
599 2489 738 2536 θεοῦ
770 2485 870 2552 τὴν
909 2482 1034 2552 περὶ
1073 2493 1183 2536 τῶν
1224 2483 1594 2551 ἐνεστηκότων
1636 2482 1765 2536 ἀπό-

79 2591 193 2640 ρων
233 2570 567 2639 ἀπαλλαγήν.
646 2573 787 2638 <25>
827 2570 917 2623 καὶ
958 2569 1069 2639 μετ’
1111 2571 1300 2638 ὀλίγον
1342 2571 1592 2639 ὀρτύγων
1631 2575 1765 2638 πλῆ-

77 2664 181 2721 θος
238 2657 445 2729 (τρέφει
501 2656 560 2710 δὲ
614 2667 774 2712 τοῦτο
831 2660 1095 2728 τοῦρνεον
1151 2659 1223 2721 ὡς
1277 2655 1442 2711 οὐδὲν
1497 2657 1682 2727 ἕτερον
1735 2658 1763 2711 ὁ

14 2762 56 2793 30
73 2745 325 2817 Ἀράβιος
356 2746 579 2815 κόλπος)
615 2746 896 2816 ἐφίσταται
922 2748 1023 2816 τὴν
1056 2746 1254 2815 μεταξὺ
1287 2747 1566 2799 θάλατταν
1599 2747 1765 2816 ὑπερ-

198 2852 310 2906 §20
337 2869 390 2884 =
416 2847 560 2891 Exod.
592 2847 698 2891 XVI
730 2853 768 2891 8.
