2052 3141
840 99 1116 142 AETTEPA
1714 101 1817 153 103

134 237 418 301 Αἴγυπτον
455 231 545 286 καὶ
585 234 684 302 τὴν
724 234 939 286 ἅπασαν
981 234 1178 303 σχεδὸν
1219 233 1682 305 ἐγκεχειρισμένος
1722 237 1818 288 αὐ-

134 329 227 389 τῆς
267 319 603 390 ἐπιμέλειαν,
642 322 872 375 ἄπιστον
912 318 1012 391 μὲν
1053 319 1440 376 οὐδὲνέδόκει
1478 334 1587 377 τῶν
1626 325 1818 393 ἠγγελ-

129 407 332 477 μένων,
371 409 554 476 <169>
587 411 934 478 λογιζόμενος
965 418 1063 462 τοῦ
1095 415 1234 463 θεοῦ
1274 412 1373 478 τὴν
1413 416 1818 481 μεγαλουργίαν

130 496 221 550 καὶ
259 499 360 566 τὴν
398 499 534 567 πρὸς
573 498 742 551 αὐτὸν
782 498 1026 565 εὔνοιαν,
1066 500 1116 550 εί
1152 497 1242 551 καὶ
1282 508 1354 570 τῷ
1397 501 1594 568 μεταξὺ
1634 504 1816 574 χρόνῳ

89 613 109 646 5
135 584 396 654 διέλιπεν,
438 587 656 656 ὥρμητο
697 584 745 639 δ’
785 587 958 649 εὐθὺς
995 588 1130 655 πρὸς
1168 590 1264 640 τὸν
1300 585 1580 657 Ἰώσηπον.
1636 591 1819 659 <170>

131 675 204 737 ὡς
250 671 310 727 δὲ
360 672 619 745 κατέσχεν
669 674 754 727 ἐπὶ
801 677 861 728 τὸ
886 674 1112 743 Ὅρκιον
1152 674 1353 746 φρέαρ,
1399 679 1579 741 θύσας
1619 679 1817 732 αὐτόθι

127 770 200 834 τῷ
240 768 383 834 θεῷ,
431 761 521 815 καὶ
561 763 906 831 φοβούμενος
947 765 1038 815 διὰ
1077 765 1177 832 τὴν
1219 765 1577 833 εὐδαιμονίαν
1617 769 1716 835 τὴν
1757 767 1829 829 ε’νγ

127 851 390 923 Αἰγύπτῳ
438 861 548 904 τῶν
595 853 810 904 παίδων
866 851 1435 922 ἐμφιλοχωρησάντων
1490 863 1552 924 τῇ
1609 857 1817 925 οἰκήσει

125 946 188 1008 τῇ
238 937 298 992 ἐν
345 938 480 1008 αὐτῇ
530 941 601 1008 μὴ
651 936 824 992 οὐκέτ’
880 941 957 1002 εἰς
1003 942 1104 1009 τὴν
1147 945 1465 995 Χαναναίαν
1506 944 1562 997 οὗ
1598 947 1816 1013 ἔκγονοι

60 1051 102 1084 10
128 1030 488 1095 μετελθόντες
518 1028 861 1097 κατάσχωσιν
894 1028 1087 1097 αὐτήν,
1129 1030 1202 1092 ὡς
1235 1030 1262 1083 ὁ
1302 1034 1436 1093 θεὸς
1473 1028 1542 1100 ἧν
1582 1032 1816 1103 ὑπεσχη-

126 1113 321 1183 μένος,
375 1116 557 1184 <171>
598 1118 706 1185 ἅμα
745 1136 801 1169 τε
849 1118 921 1185 μὴ
965 1118 1089 1186 δίχα
1128 1123 1268 1172 θεοῦ
1308 1122 1623 1188 βουλήσεως
1661 1141 1817 1189 γενο-

126 1202 291 1273 μένης
343 1212 437 1272 τῆς
486 1206 563 1267 εἰς
608 1209 895 1273 Αἴγυπτον
951 1205 1167 1275 ἀφόδου
1217 1209 1501 1278 διαφθαρῇ
1549 1212 1609 1263 τὸ
1657 1209 1817 1278 γένος

127 1291 316 1361 αὐτοῦ,
354 1294 489 1361 πρὸς
522 1289 582 1344 δὲ
613 1294 828 1355 τούτοις
860 1295 1055 1356 δεδιὼς
1094 1296 1165 1363 μὴ
1206 1296 1512 1367 προεξέλθῃ
1552 1307 1650 1351 τοῦ
1689 1302 1815 1367 βίου

127 1378 257 1449 πρὶν
312 1381 389 1442 εἰς
444 1381 575 1443 ὄψιν
623 1377 889 1449 Ἰωσήπου
944 1382 1381 1451 παραγενέσθαι,
1436 1385 1815 1456 καταφέρεται,

59 1491 100 1524 15
127 1467 377 1537 στρέφων
427 1467 486 1520 ἐν
536 1466 709 1540 ἑαυτῷ
758 1478 956 1523 τοῦτον
1002 1472 1099 1523 τὸν
1147 1475 1448 1541 λογισμόν,
1505 1476 1593 1537 εἰς,
1619 1475 1814 1529 ὕπνον.

123 1558 305 1625 <172>
367 1544 586 1620 ἐπιστάς
640 1555 689 1610 δ’
750 1559 778 1612 ὁ
834 1561 966 1621 θεὸς
1020 1559 1197 1630 αὐτῷ,
1260 1560 1350 1613 καὶ
1414 1560 1498 1625 δὶς
1552 1563 1816 1632 ὀνομαστὶ

122 1643 384 1713 καλέσας,
440 1644 847 1719 πυνθανομένῳ
902 1649 983 1710 τίς
1038 1647 1185 1700 ἐστιν
1242 1647 1388 1702 ’ἀλλ’
1452 1651 1518 1704 οὐ
1571 1653 1812 1706 δίκαιον’

126 1729 277 1786 εἶπεν
317 1730 584 1806 (Ἰακώβῳ
623 1737 763 1788 θεὸν
802 1734 1154 1804 ἀγνοεῖσθαι,
1202 1740 1298 1791 τὸν
1339 1737 1423 1791 ἀεὶ
1461 1742 1815 1810 παραστάτην

123 1819 214 1874 καὶ
260 1823 476 1890 βοηθὸν
529 1826 825 1892 προγόνοις
870 1844 925 1876 τε
980 1835 1094 1887 τοῖς
1141 1835 1258 1888 σοῖς
1304 1826 1394 1879 καὶ
1443 1826 1555 1896 μετ’
1614 1830 1815 1893 αὐτοὺς

56 1933 99 1965 20
124 1908 212 1963 σοὶ
264 1912 580 1979 γενόμενον.
670 1912 852 1980 <173>
907 1907 1364 1986 ‹nepovys'vc‘nke
1419 1917 1522 1986 γάρ
1580 1931 1666 1970 σοι
1721 1926 1815 1986 τῆς

124 1998 292 2069 ἀρχῆς
329 1998 436 2053 ὑπὸ
469 2008 569 2053 τοῦ
600 2003 804 2070 πατρὸς
834 2002 1038 2070 ταύτην
1079 2001 1183 2070 ἐγὼ
1224 2002 1518 2074 παρέσχον,
1558 2004 1649 2058 καὶ
1688 2003 1807 2058 κατ’

127 2086 262 2156 ε’μὴν
315 2089 542 2141 εὔνοιαν
596 2091 674 2152 εἰς
731 2091 830 2158 τὴν
885 2093 1320 2160 Μεσοποταμίαν
1374 2095 1543 2161 μόνος
1601 2093 1814 2157 σταλεὶς

124 2176 316 2244 γάμων
378 2172 424 2228 τ’
486 2175 716 2244 ἀγαθῶν
778 2179 994 2247 ἔτυχες,
1055 2177 1146 2231 καὶ
1200 2181 1414 2233 παίδων
1478 2180 1814 2250 ἐπαγόμενος

124 2268 338 2331 πλῆθος
368 2262 458 2316 καὶ
489 2265 781 2333 χρημάτων
821 2265 1131 2335 ἐνόστησας.
1208 2268 1389 2336 <174>
1428 2267 1722 2338 παρέμεινέ
1757 2269 1819 2322 τέ

59 2370 101 2403 25
127 2366 215 2405 σοι
261 2352 422 2420 γενεὰ
467 2359 614 2404 πᾶσα
659 2356 895 2425 προνοίᾳ
939 2362 1002 2424 τῇ
1053 2355 1179 2424 ἐμῇ,
1226 2354 1315 2408 καὶ
1363 2356 1427 2409 ὃν
1468 2356 1811 2411 ἀπολωλέναι

123 2450 234 2494 τῶν
265 2440 405 2493 υἱῶν
439 2439 646 2503 ἐδόκεις
679 2439 964 2511 Ἰώσηπον,
1004 2451 1201 2496 τοῦτον
1233 2446 1311 2506 είς
1351 2443 1658 2498 ἀπόλαυσιν
1699 2466 1812 2515 μει-

129 2531 302 2593 ζόνων
341 2527 573 2596 ἀγαθῶν
611 2530 847 2598 ἤγαγον,
892 2529 983 2583 καὶ
1022 2539 1114 2599 τῆς
1153 2533 1440 2599 Αἰγύπτου
1479 2534 1699 2602 κύριον,
1740 2535 1813 2597 ὡς

128 2617 295 2690 ὀλίγῳ
345 2615 627 2685 διαφέρειν
674 2626 772 2671 τοῦ
818 2617 1108 2688 βασιλέως,
1157 2619 1399 2689 ἐποίησα.
1477 2621 1658 2689 <175>
1697 2622 1809 2690 ἥκω

124 2725 179 2758 τε
219 2713 326 2758 νῦν
366 2706 502 2759 ὁδοῦ
541 2724 596 2757 τε
635 2706 832 2773 ταύτης
869 2707 1088 2776 ἡγεμὼν
1129 2707 1387 2777 ἐσόμενος
1425 2707 1515 2761 καὶ
1554 2713 1680 2778 βίου
1723 2725 1811 2764 σοι

59 2810 103 2842 30
127 2795 385 2862 τελευτὴν
427 2793 486 2846 ἐν
534 2802 649 2856 ταῖς
681 2790 949 2862 Ἰωσήπου
1000 2795 1153 2866 χερσὶ
1192 2796 1566 2866 γενησομένην
1606 2801 1810 2869 προδη-

246 2899 269 2948 ς
306 2899 386 2938 169
415 2916 470 2930 =
495 2893 605 2938 Gen.
641 2894 761 2937 XLV
793 2900 861 2940 27.

1850 693 1875 731 2

1849 1579 1873 1617 02
