2052 3141
848 86 1122 127 TETAPTH
1716 83 1821 135 231

138 223 242 291 γὰρ
293 223 364 290 μὴ
415 219 610 274 πολλοὶ
657 228 750 288 τῆς
798 228 908 271 τῶν
955 221 1137 286 λόγων
1185 216 1468 285 ἀσελγείας
1518 218 1687 271 αὐτοῦ
1740 239 1824 286 μι-

139 308 301 378 μηταὶ
347 312 636 378 γενόμενοι
689 306 958 376 ταράξωσι
1012 309 1072 359 τὸ
1126 310 1352 374 πλῆθος.
1415 305 1506 358 καὶ
1546 307 1824 358 διαλύεται

140 395 238 465 μὲν
286 395 372 450 ἐπὶ
418 397 632 458 τούτοις
677 396 706 449 ὁ
757 396 1050 463 σύλλογος,
1106 395 1476 462 προεληλύθει
1523 392 1573 448 δ’
1620 394 1689 447 ἂν
1738 393 1825 446 ἐπὶ

137 484 304 538 πλέον
342 485 375 552 ἡ
416 492 515 538 τοῦ
547 491 718 537 κακοῦ
751 491 912 551 πεῖρα
952 484 1023 551 μὴ
1064 482 1384 551 φθάσαντος
1419 486 1703 553 Ζαμβρίου
1742 502 1824 535 τε-

94 588 114 622 5
138 577 393 642 λευτῆσαι
440 571 501 626 ἐκ
549 573 804 639 τοιαύτης
851 573 1038 633 αἰτίας.
1116 571 1297 638 <152>
1342 570 1635 639 Φινεέσης,
1683 571 1822 641 ἀνὴρ

134 662 200 714 τά
230 659 275 714 τ’
309 663 447 714 ἄλλα
478 669 587 713 τῶν
618 658 901 729 νεωτέρων
941 661 1203 727 κρείττων
1241 657 1331 710 καὶ
1370 666 1444 730 τῷ
1485 668 1584 712 τοῦ
1623 662 1825 728 πατρὸς

135 748 397 818 ἀξιώματι
442 751 584 802 πολὺ
631 751 760 811 τοὺς
805 748 1094 816 ἡλικιώτας
1141 746 1422 816 ὑπερέχων
1476 744 1822 816 (Ἐλεαζάρου

133 839 237 906 γὰρ
276 847 376 891 τοῦ
410 835 702 907 ἀρχιερέως
738 837 857 898 υίὸς
895 832 984 903 ἧν,
1023 834 1296 898 Μωυσέος
1330 834 1378 888 δ’
1419 835 1824 904 ἀδελφόπαιδος

131 926 302 994 υἱός),
349 929 717 993 περιαλγήσας
763 934 876 987 τοῖς
923 923 1324 993 πεπραγμένοις
1369 924 1477 976 ὑπὸ
1529 933 1627 977 τοῦ
1676 928 1823 992 Ζαμ-

68 1028 109 1060 10
133 1017 322 1082 βρίου,
371 1012 461 1066 καὶ
500 1011 632 1081 πρὶν
674 1010 1032 1082 ἰσχυροτέραν
1071 1010 1333 1079 γενέσθαι
1372 1014 1472 1080 τὴν
1509 1014 1675 1081 ὕβριν
1713 1013 1820 1065 ὑπὸ

131 1109 226 1169 τῆς
264 1101 476 1169 ἀδείας,
525 1103 665 1173 ἔργω
706 1102 806 1168 τὴν
856 1102 1016 1168 δίκην
1057 1101 1226 1153 αὐτὸν
1266 1100 1666 1170 εἰσπράξασθαι
1707 1103 1823 1153 δια-

131 1191 317 1258 γνούς,
348 1188 438 1242 καὶ
462 1193 705 1242 κωλῦσαι
731 1191 989 1257 διαβῆναι
1022 1190 1121 1256 τὴν
1154 1192 1501 1257 παρανομίαν
1535 1191 1611 1252 εἰς
1641 1194 1822 1243 πλείο-

129 1298 227 1339 νας
266 1287 377 1330 τῶν
417 1276 737 1347 ἀρξαμένων
777 1277 844 1330 οὐ
882 1274 1289 1344 κολαζομένων,
1331 1278 1511 1344 <153>
1549 1281 1720 1348 τόλμῃ
1762 1276 1822 1330 δὲ

129 1373 307 1436 ψυχῆς
344 1364 435 1418 καὶ
476 1367 722 1434 σώματος
763 1364 991 1435 ἀνδρεία
1030 1373 1298 1417 τοσοῦτον
1337 1366 1595 1434 προύχων
1636 1367 1708 1428 ὡς
1748 1368 1820 1434 μὴ

64 1469 105 1502 15
128 1457 428 1523 πρότερον,
468 1459 523 1506 εἴ
555 1472 662 1506 τινι
704 1457 930 1521 συσταίη
971 1462 1081 1505 τῶν
1123 1455 1341 1520 δεινῶν,
1381 1452 1821 1507 ἀπαλλάττεσθαι

127 1540 259 1611 πρὶν
295 1542 328 1610 ἢ
352 1544 836 1609 καταγωνίσασθαι
866 1538 957 1593 καὶ
989 1543 1149 1609 νίκην
1182 1542 1282 1608 τὴν
1316 1538 1400 1593 ἐπ’
1432 1542 1577 1613 αὐτῷ
1611 1546 1820 1610 λαβεῖν,

129 1628 216 1683 ἐπὶ
270 1632 371 1698 τὴν
426 1638 524 1683 τοῦ
575 1633 860 1698 Ζαμβρίου
909 1630 1118 1697 σκηνὴν
1169 1632 1612 1698 παραγενόμενος
1651 1631 1820 1684 αὐτόν

127 1738 183 1771 τε
238 1722 416 1771 παίων
472 1726 534 1788 τῇ
592 1719 837 1789 ῥομφαία
890 1716 981 1770 καὶ
1037 1719 1137 1785 τὴν
1191 1721 1437 1786 Χοσβίαν
1488 1716 1818 1772 ἀπέκτεινεν.

129 1806 312 1874 <154>
363 1806 420 1859 οἱ
463 1804 524 1859 δὲ
570 1805 686 1859 νέοι
737 1806 959 1873 πάντες,
1007 1799 1088 1868 οἷς
1138 1805 1329 1874 ἀρετῆς
1369 1805 1710 1874 ἀντιποίησις
1747 1805 1817 1875 ἦν

61 1910 105 1943 20
127 1893 218 1947 καὶ
263 1903 363 1948 τοῦ
408 1899 756 1964 φιλοκαλεῖν,
808 1893 1033 1963 μιμηταὶ
1073 1898 1362 1962 γενόμενοι
1411 1902 1505 1962 τῆς
1548 1894 1818 1949 Φινεέσου

127 1985 329 2051 τόλμης
378 1981 626 2054 ἀνῄρουν
676 1985 804 2045 τοὺς
859 1981 946 2034 ἐπὶ
1001 1991 1115 2045 τοῖς
1163 1983 1372 2050 ὁμοίοις
1420 1986 1673 2055 Ζαμβρίᾳ
1718 1986 1819 2052 τὴν

127 2073 307 2124 αἰτίαν
339 2074 645 2142 εἰληφότας.
722 2072 902 2138 <155>
936 2070 1274 2124 ἀπόλλυνται
1307 2069 1407 2139 μὲν
1445 2067 1546 2123 οὖν
1580 2071 1671 2124 καὶ
1709 2073 1816 2126 ὑπὸ

126 2167 219 2227 τῆς
248 2161 460 2213 τούτων
493 2160 874 2229 ἀνδραγαθίας
904 2158 1100 2212 πολλοὶ
1139 2169 1249 2212 τῶν
1288 2161 1817 2228 παρανομησάντων,

127 2246 452 2317 ἐφθάρησαν
493 2245 554 2300 δὲ
593 2249 790 2310 πάντες
828 2246 918 2299 καὶ
958 2252 1163 2318 λοιμῷ,
1201 2249 1404 2316 ταύτην
1446 2247 1817 2315 ἐνσκήψαντος

61 2350 103 2383 25
127 2336 314 2398 αὐτοῖς
353 2345 451 2389 τοῦ
489 2342 631 2389 θεοῦ
677 2338 778 2404 τὴν
825 2339 1016 2388 νόσον·
1068 2336 1188 2389 ὅσοι
1227 2356 1283 2388 τε
1325 2346 1606 2403 συγγενεῖς
1646 2338 1816 2404 ὄντες,

125 2426 361 2477 κωλύειν
395 2423 542 2491 δέον,
583 2423 891 2492 ἐξώτρυνον
925 2423 1125 2485 αὐτοὺς
1157 2422 1245 2475 ἐπὶ
1276 2433 1462 2491 ταῦτα,
1497 2426 1814 2477 συναδικεῖν

124 2520 198 2583 τῷ
237 2517 352 2583 θεῷ
396 2513 688 2573 δοκόῦντες
727 2509 1094 2579 ἀπέθνησκον.

237 2600 418 2667 <156>
461 2599 783 2652 ἀπώλλυντο
833 2596 932 2667 μὲν
984 2595 1085 2651 οὖν
1128 2599 1185 2651 ἐκ
1224 2609 1333 2652 τῶν
1372 2600 1578 2664 τάξεων
1618 2603 1814 2669 ἄνδρες

125 2688 226 2740 οὐκ
267 2688 521 2750 ἐλάττους
559 2691 1002 2757 τετρακισχιλίων
1034 2686 1125 2739 καὶ
1165 2691 1397 2755 μυρίων,
1437 2688 1544 2741 ὑπὸ
1586 2686 1646 2741 δὲ
1686 2691 1812 2741 ταύ-
1848 2704 1900 2742 13

60 2790 102 2822 30
125 2794 219 2844 της
257 2774 626 2846 παροξυνθεὶς
657 2783 750 2843 τῆς
790 2777 963 2837 αἰτίας
994 2778 1240 2843 Moevosqg
1280 2774 1366 2828 ἐπὶ
1407 2778 1503 2829 τὸν
1534 2779 1807 2830 Μαδιανι-

243 2881 266 2929 g
301 2881 382 2920 152
412 2898 465 2912 =
490 2876 626 2919 Num.
660 2876 788 2919 XXV
822 2880 859 2919 7.
