2052 3141
156 609 180 647 2

210 109 318 162 236
824 111 1276 152 APXAIOAOPIAZ

210 241 413 313 ἡμέρας
451 241 1036 312 συμπεπληρωμένων,
1073 246 1324 310 vao‘rqg
1364 242 1656 310 ἐκκλησίαν
1697 242 1784 295 ἐπὶ
1822 251 1896 315 τῷ

205 330 457 402 Ἰορδάνῃ
484 333 833 400 συναγαγών,
865 331 1004 384 ὅπου
1036 339 1141 384 νῦν
1174 333 1331 393 πόλις
1363 333 1510 384 ἔστιν
1536 328 1745 400 Ἀβιλή,
1777 352 1899 400 φοι-

212 423 514 489 νικόφυτον
562 418 614 472 δ’
663 418 776 472 ἐστὶ
822 422 883 472 τὸ
930 423 1163 489 χωρίον,
1216 417 1586 482 συνελθόντος
1624 428 1722 473 τοῦ
1763 424 1899 473 λαοῦ

211 510 415 570 παντὸς
454 505 600 575 λέγει
639 508 846 561 τοιάδε·

325 597 508 664 <177>
556 596 781 665 εἄνδρες
827 606 1221 665 συστρατιῶται
1268 594 1359 648 καὶ
1407 604 1499 663 τῆς
1546 603 1752 664 μακρᾶς
1790 615 1902 648 κοι-

214 682 383 737 νωνοὶ
422 687 821 753 ταλαιπωρίας,
862 683 996 751 ε’πεί,
1033 691 1106 754 τῷ
1148 689 1263 754 θεῷ
1307 684 1511 736 δοκοῦν
1552 685 1656 751 ἤδη
1698 683 1787 736 καὶ
1827 692 1899 755 τῷ

213 775 376 840 γήραι
429 774 634 841 χρόνου
684 772 820 824 ἐτῶν
868 777 1040 825 εἴκοσι
1085 770 1176 824 καὶ
1224 769 1416 825 ἑκατὸν
1464 771 1778 840 ἠνυσμένου
1821 774 1908 825 δεῖ

214 879 277 927 με
325 867 424 912 τοῦ
474 863 567 927 ζῆν
617 859 911 927 ἀπελθεῖν,
964 859 1055 912 καὶ
1102 869 1212 912 τῶν
1261 858 1434 926 πέραν
1487 869 1583 913 τοῦ
1617 859 1903 929 Ἰορδάνου

213 947 689 1017 πραχθησομένων
745 948 810 1000 οὐ
866 946 1044 1016 μέλλω
1097 950 1308 1015 βοηθὸς
1363 949 1492 1016 ὑμῖν
1543 950 1769 1000 ἔσεσθαι
1815 947 1905 1000 καὶ

216 1037 527 1105 σύμμαχος,
567 1038 918 1104 κωλυόμενος
956 1036 1063 1090 ὑπὸ
1104 1044 1202 1089 τοῦ
1234 1041 1408 1103 θεοῦ,
1449 1038 1663 1089 δίκαιον
1704 1037 1904 1105 ἡγησά-

215 1145 323 1192 μην
357 1121 494 1193 μηδὲ
528 1133 632 1177 νῦν
670 1124 1049 1192 ἐγκαταλιπεῖν
1089 1124 1296 1192 τούμὸν
1335 1121 1471 1191 ὑπὲρ
1513 1133 1605 1192 τῆς
1645 1123 1906 1192 ὑμετέρας

215 1213 571 1281 εὐδαιμονίας
624 1216 953 1280 πρόθυμον,
1015 1213 1197 1278 (178)
1250 1209 1368 1263 ἀλλ’
1423 1211 1607 1264 ἀίδιόν
1661 1210 1719 1264 θ’
1774 1213 1905 1280 ὑμῖν

215 1302 739 1369 πραγματεύσασθαι
775 1302 874 1367 τὴν
907 1310 1015 1352 τῶν
1050 1300 1278 1367 ἀγαθῶν
1312 1299 1619 1352 ἀπόλαυσιν
1652 1299 1738 1352 καὶ
1774 1303 1906 1369 μνή-

217 1408 324 1455 μην
366 1387 608 1459 ἐμαυτῷ,
649 1387 963 1456 γενομένων
1006 1389 1160 1456 ὑμῶν
1201 1388 1260 1440 ἐν
1299 1388 1548 1459 ἀφθονία
1588 1398 1695 1441 τῶν
1735 1408 1906 1455 κρειτ-

217 1479 409 1528 τόνων.
488 1477 668 1542 <179>
708 1475 828 1544 φέρ’
878 1473 980 1529 οὖν
1022 1476 1365 1544 ὑποθέμενος
1407 1476 1471 1528 ὃν
1511 1479 1714 1542 τρόπον
1756 1477 1909 1545 ὑμεῖς

218 1563 259 1616 τ’
301 1563 369 1616 ἂν
410 1563 862 1632 εὐδαιμονήσαιτε
897 1564 986 1616 καὶ
1019 1564 1174 1617 παισὶ
1208 1575 1319 1627 τοῖς
1352 1565 1533 1617 αὐτῶν
1566 1569 1907 1618 καταλίποιτε

218 1660 408 1719 κτῆσιν
460 1651 688 1718 ἀγαθῶν
738 1652 950 1718 ἀίδιον,
995 1653 1166 1714 οὕτως
1219 1652 1442 1704 ἀπέλθω
1486 1661 1581 1705 τοῦ
1621 1656 1762 1720 βίου.
1825 1672 1909 1704 πι-

1925 608 1946 641 5

1931 1051 1972 1083 10

1933 1491 1974 1524 15

218 1742 509 1792 στεύεσθαι
544 1737 592 1791 δ’
625 1740 773 1802 ἄξιός
806 1742 913 1808 εἰμι
948 1742 1038 1792 διά
1074 1761 1126 1792 τε
1162 1743 1254 1803 τάς
1285 1744 1552 1808 πρότερον
1586 1739 1721 1808 ὑπὲρ
1756 1741 1910 1809 ὑμῶν

217 1832 529 1896 φιλοτιμίας
561 1827 651 1880 καὶ
685 1830 776 1880 διά
811 1831 871 1881 τὸ
905 1830 998 1890 τάς
1033 1831 1207 1898 ψυχὰς
1240 1828 1326 1880 ἐπὶ
1362 1834 1579 1898 τελευτῇ
1623 1829 1911 1897 γινομένας

219 1914 331 1982 μετ’
380 1916 572 1984 ἀρετῆς
611 1917 785 1984 πάσης
826 1918 1052 1985 ὁμιλεῖν.

330 2007 511 2071 <18Ο>
552 2001 593 2056 ὦ
643 2007 832 2067 παῖδες
866 2004 1182 2073 Ἰσραήλου,
1239 2009 1333 2073 μιά
1380 2014 1546 2057 πᾶσιν
1594 2005 1911 2072 ἀνθρώποις

220 2093 449 2159 ἀγαθῶν
510 2096 747 2160 κτήσεως
814 2095 991 2156 αι’τιά,
1054 2096 1185 2154 θεὸς
1253 2094 1511 2161 εὐμενής·
1576 2097 1743 2160 μόνος
1806 2096 1907 2160 γάρ

222 2177 381 2242 οὗτος
444 2182 645 2233 δοῦναί
696 2201 749 2233 τε
814 2190 980 2233 ταῦτα
1044 2193 1155 2243 τοῖς
1224 2181 1394 2244 ἀξίοις
1453 2181 1537 2233 καὶ
1604 2181 1906 2248 ἀφελέσθαι

222 2278 329 2320 τῶν
381 2267 808 2337 ἁμαρτανόντων
863 2271 939 2331 εἰς
997 2270 1164 2322 αὐτὸν
1215 2271 1432 2331 ἱκανός,
1488 2264 1528 2339 ᾧ
1585 2268 1911 2337 παρέχοντες

224 2354 450 2418 ἑαυτοὺς
499 2358 650 2418 οἴους
696 2357 860 2418 αὐτός
907 2377 959 2408 τε
1010 2359 1263 2425 βούλεται
1313 2357 1458 2425 κάγὼ
1510 2359 1606 2424 τὴν
1656 2359 1909 2409 διάνοιαν

223 2444 394 2496 αὐτοῦ
451 2455 636 2511 σαφῶς
696 2444 1110 2513 ἐξεπιστάμενος
1156 2455 1434 2512 παραινῶ.
1490 2446 1588 2497 οὐκ
1640 2445 1708 2497 ἀν
1760 2447 1911 2507 ὄντες

224 2530 546 2598 μακαριστοὶ
579 2531 664 2583 καὶ
706 2532 928 2599 ζηλωτοὶ
965 2542 1132 2586 πᾶσιν
1170 2530 1655 2601 [ἀτυχησαιτε’ποτ’
1693 2533 1741 2600 ἢ]
1776 2534 1909 2584 παύ-

225 2626 447 2676 σαισθε,
487 2618 603 2671 ἀλλ’
654 2616 730 2671 ὧν
780 2641 831 2672 τε
879 2630 978 2674 νῦν
1031 2623 1158 2689 ὑμῖν
1199 2624 1346 2673 ἔστιν
1387 2621 1616 2688 ἀγαθῶν
1660 2621 1687 2688 ἡ
1727 2629 1912 2687 κτῆσις

224 2710 416 2773 βεβαία
457 2718 626 2775 μενεῖ,
669 2719 775 2760 τῶν
819 2708 859 2760 τ’
908 2709 1161 2762 ἀπόντων
1202 2719 1418 2778 ταχεῖαν
1459 2709 1596 2772 ἕξετε
1641 2711 1736 2776 τὴν
1777 2729 1909 2775 παρ-

225 2799 434 2847 ουσίαν.
513 2799 692 2862 08])
733 2800 906 2864 μόνον
955 2792 1035 2859 οἷς
1083 2798 1220 2865 ὑμᾶς
1261 2798 1289 2850 ὁ
1332 2800 1460 2859 θεὸς
1499 2799 1747 2864 βούλεται
1793 2797 1908 2848 ἕπε-

346 2901 368 2946 ξ,
407 2900 485 2938 Ιῖῖ
517 2919 567 2931 =
599 2896 780 2939 lvoutvr.
816 2898 959 2940 XXXI
996 2904 1033 2939 ⁶2.
1160 2905 1180 2947 ξ
1222 2904 1301 2940 150
1329 2919 1380 2933 =
1411 2897 1592 2939 Denter.
1630 2897 1686 2938 IV
1722 2903 1787 2940 23.

1932 1933 1975 1965 20

1934 2811 1975 2843 30
