2052 3141
236 57 262 108 1
272 57 302 109 7
306 58 342 108 4
848 58 1300 100 ΑΡΧΑῙΟΔΟΓΙΑΣ

235 192 479 245 ὠκεανὸν
521 191 905 260 ἀποσημαίνει·
953 189 1044 243 καὶ
1090 191 1195 259 γὰρ
1236 187 1396 253 οὗτος
1436 191 1817 261 ἐμπεριείληφε
1858 194 1923 245 τὰ

233 282 423 334 πάντα.
499 281 664 347 δηλοῖ
700 276 761 332 δὲ
799 277 890 331 καὶ
929 281 1027 332 τὸν
1065 279 1226 346 ἥλιον
1265 277 1356 332 καὶ
1393 281 1494 348 τὴν
1536 282 1775 349 σελήνην
1813 291 1922 333 τῶν

237 369 599 438 σαρδονύχων
649 365 925 437 ἑκάτερος,
973 360 1054 430 οἷς
1101 366 1449 436 ἐνεπόρπωσε
1500 371 1596 422 τὸν
1647 367 1921 438 ἀρχιερέα·

236 457 416 524 <186>
465 457 565 525 τὴν
614 453 674 509 δὲ
722 456 1007 509 δωδεκάδα
1055 465 1165 508 τῶν
1213 459 1390 509 λίθων
1442 462 1546 509 εἴτε
1586 459 1714 520 τοὺς
1752 465 1927 526 μῆνας

235 545 486 613 ἐθελήσει
534 564 614 607 τις
659 554 843 613 νοεῖν,
899 550 1005 597 εἴτε
1060 547 1159 597 τὸν
1206 553 1472 598 τοσοῦτον
1520 544 1763 614 ἀριθμὸν
1814 555 1968 605 τῶνε,

235 632 511 702 ἀστέρων,
559 633 623 686 ὃν
677 634 944 697 ζωδιακὸν
984 633 1190 685 κύκλον
1215 631 1478 700 Ι’Έλληνες
1522 637 1788 701 καλοῦσι,
1833 641 1927 701 τῆς

235 719 349 775 κατ’
405 721 620 775 ἐκεῖνον
673 723 895 790 γνώμης
946 721 1047 774 οὐκ
1098 720 1166 773 ἂν
1214 720 1459 790 ἁμάρτοι.
1538 723 1718 789 <187>
1765 721 1855 774 καὶ
1895 722 1923 775 ὁ

235 815 392 873 πῖλος
444 810 509 864 δέ
551 831 643 879 μοι
693 812 848 863 δοκεῖ
882 813 979 863 τὸν
1020 810 1261 879 οὐρανὸν
1301 818 1630 878 τεκμηριοῦν
1671 810 1925 862 ὑακίνθι-

236 920 331 962 νος
353 898 718 968 πεποιημένος
750 899 842 954 (οὐ
875 901 977 967 γὰρ
1011 899 1079 951 ἂν
1112 900 1290 961 ἄλλως
1320 898 1745 966 ὑπερανετίθετο
1779 898 1924 968 αὐτῷ

236 989 480 1057 τοῦνομα
519 996 619 1041 τοῦ
665 986 828 1058 θεοῦ)
881 995 943 1056 τῇ
992 1007 1048 1040 τε
1097 988 1338 1057 στεφάνῃ
1385 985 1780 1055 ἠγλαϊσμένος,
1835 985 1925 1038 καὶ
1952 1015 1993 1045 10

233 1077 399 1146 ταύτῃ
433 1084 627 1146 χρυσῇ,
654 1077 744 1129 διὰ
777 1078 876 1144 τὴν
909 1076 1085 1144 αὐγὴν
1121 1070 1152 1145 ᾖ
1185 1076 1416 1144 μάλιστα
1450 1079 1624 1144 χαίρει
1657 1077 1717 1128 τὸ
1749 1080 1925 1128 θεῖον.

343 1164 433 1217 καὶ
473 1173 640 1218 ταῦτα
680 1162 780 1234 μὲν
821 1164 908 1217 ἐπὶ
950 1167 1215 1218 τοσοῦτόν
1256 1185 1348 1232 μοι
1389 1166 1756 1232 δεδηλώσθω,
1795 1168 1925 1217 πολ-

236 1254 389 1316 λάκις
428 1252 517 1306 καὶ
559 1253 618 1307 ἐν
656 1259 881 1316 πολλοῖς
921 1256 1020 1322 τὴν
1065 1253 1264 1321 ἀρετὴν
1306 1260 1402 1305 τοῦ
1444 1251 1754 1321 νομοθέτου
1793 1270 1927 1319 παρ-

178 1341 208 1392 8
237 1341 473 1405 εξόντων
512 1343 645 1410 ἡμῖν
687 1344 933 1394 διελθεῖν
974 1352 1082 1394 τῶν
1122 1341 1479 1409 πραγμάτων·
1535 1342 1713 1408 <188>
1755 1341 1827 1403 ὡς
1867 1338 1927 1393 δὲ

234 1432 293 1483 τὸ
341 1429 742 1500 προειρημένον
790 1429 955 1497 πέρας
1003 1427 1139 1499 εἶχε,
1187 1440 1296 1482 τῶν
1345 1429 1718 1497 ἀναθημάτων
1766 1432 1924 1498 μήπω
1953 1454 1991 1486 ι5

234 1517 683 1587 καθιερωμένων,
725 1518 942 1580 ἐπιστὰς
975 1519 1003 1571 ὁ
1037 1521 1168 1581 θεὸς
1201 1522 1439 1571 ΣἉωυσεῖ
1475 1520 1572 1585 τὴν
1615 1518 1924 1586 ἱερωσύνην

228 1605 463 1675 Ἀαρῶνι
518 1607 767 1679 τάδελφῷ
827 1606 1120 1673 προσέταξε
1180 1609 1376 1660 δοῦναι
1425 1607 1497 1668 ὡς
1548 1605 1806 1658 ἁπάντων
1847 1604 1919 1658 δι’

236 1695 434 1764 ἀρετὴν
481 1704 574 1764 τῆς
620 1703 774 1764 τιμῆς
826 1695 1145 1767 δικαιοτέρῳ
1187 1705 1386 1764 τυχεῖν.
1465 1694 1551 1747 καὶ
1595 1696 1925 1762 συναγαγὼν

236 1786 313 1846 είς
364 1783 656 1852 ἐκκλησίαν
712 1787 770 1837 τὸ
818 1789 1066 1851 πλῆθος,
1122 1787 1220 1852 τήν
1267 1781 1311 1836 τ’
1367 1783 1565 1851 ἀρετὴν
1616 1784 1785 1837 αὐτοῦ
1837 1782 1925 1835 καὶ

236 1874 335 1940 τὴν
382 1874 608 1925 εὔνοιαν
666 1870 866 1942 διεξῄει
920 1872 1007 1925 καὶ
1057 1875 1183 1934 τοὺς
1230 1873 1528 1934 κινδύνους
1568 1873 1663 1934 οὓς
1706 1872 1926 1939 ὑπομεί-
1952 1898 1994 1928 20

238 1981 382 2014 νειεν
422 1959 558 2029 ὑπὲρ
600 1961 795 2013 αὐτῶν.
875 1963 1054 2028 <189>
1095 1962 1523 2029 μαρτυρούντων
1564 1957 1612 2012 δ’
1661 1957 1744 2027 ἐφ’
1792 1959 1926 2011 ἅπα-

238 2065 328 2102 σιν
370 2050 514 2120 αὐτῷ
551 2049 639 2102 καὶ
673 2053 732 2103 τὸ
766 2049 889 2117 περὶ
930 2049 1099 2101 αὐτὸν
1131 2052 1426 2116 πρόθυμον
1469 2046 1927 2115 ἐνδεικνυμένων,

240 2137 488 2205 (ἄνδρεςῧ
539 2135 690 2191 εἶπεν
739 2136 1121 2206 “Ἰσραηλῖται,
1177 2140 1235 2189 τὸ
1284 2134 1384 2205 μὲν
1425 2139 1587 2204 ἔργον
1633 2138 1733 2203 ’ἤδη
1777 2133 1927 2197 τέλος

236 2228 376 2295 ἔχει,
428 2219 549 2279 οἷον
603 2227 748 2297 αὐτῷ
798 2246 851 2278 τε
901 2234 973 2296 τῷ
1022 2231 1137 2295 θεῷ
1179 2226 1406 2292 ἣδιστον
1451 2221 1514 2292 ἦν
1554 2223 1640 2276 καὶ
1686 2225 1926 2276 δυνατὸν

240 2314 393 2382 ἡμῖν·
438 2313 550 2366 ἐπεὶ
593 2312 651 2366 δὲ
695 2317 783 2366 δεῖ
818 2323 1014 2366 τοῦτον
1064 2321 1123 2381 τῇ
1167 2321 1337 2381 σκηνῇ
1379 2311 1802 2381 καταδέχεσθαι,
1843 2314 1930 2364 δεῖ
1951 2338 1992 2369 25

235 2412 452 2470 πρῶτον
507 2403 635 2470 ἡμῖν
685 2411 784 2455 τοῦ
838 2401 1290 2471 ιἐρατευσομένου
1346 2400 1431 2453 καὶ
1491 2401 1928 2469 ὑπηρετήσοντος

236 2501 351 2552 ταῖς
389 2494 613 2552 θυσίαις
659 2489 746 2543 καὶ
795 2500 909 2553 ταῖς
957 2488 1092 2558 ὑπὲρ
1148 2491 1298 2558 ἡμῶν
1339 2490 1536 2559 εὐχαῖς.
1617 2490 1794 2555 <190>
1835 2486 1920 2539 καὶ

236 2581 401 2647 ἔγωγε
445 2581 640 2647 ταύτης
681 2579 800 2647 ἐμοὶ
843 2588 933 2646 τῆς
973 2578 1213 2641 σκέψεως
1254 2579 1650 2645 ἐπιτραπείσης,
1691 2576 1926 2645 ἐμαυτὸν

237 2667 304 2719 ἂν
357 2676 448 2735 τῆς
499 2675 654 2734 τιμῆς
709 2668 862 2729 ἄξιον
915 2669 1101 2734 ἔκρινα
1155 2667 1245 2718 δια
1298 2686 1349 2717 τε
1399 2668 1458 2718 τὸ
1506 2666 1669 2733 φύσει
1721 2664 1925 2726 πάντας

237 2752 376 2807 εἶναι
428 2756 728 2823 φιλαύτους
777 2754 868 2807 καὶ
919 2756 1000 2807 ὅτι
1048 2753 1202 2807 πόλλ’
1259 2754 1472 2825 ἐμαυτῷ
1520 2756 1742 2821 καμόντι
1800 2749 1917 2818 περὶ
1951 2764 1994 2791 ³0

357 2861 378 2907 ἓ
420 2862 498 2899 1³8
528 2878 580 2891 =
611 2855 750 2898 Exod.
787 2855 973 2897 XXVIII
1017 2863 1059 2904 1;
1104 2855 1246 2898 Levit.
1283 2855 1385 2896 VIII
1426 2861 1459 2896 1.

2039 163 2047 190 l
