2052 3141
835 52 1016 93 TPITH
1668 50 1769 102 157

195 187 340 255 <93>
379 184 472 239 καὶ
509 187 571 238 τὸ
612 183 711 254 μὲν
751 189 964 253 πλῆθος
1007 184 1422 254 ἀκροασάμενον
1462 185 1633 238 αὐτοῦ
1673 193 1772 238 τοῦ
1806 202 1829 240 6

82 281 222 343 θεοῦ
260 273 385 344 περὶ
416 269 494 326 ὧν
526 276 774 341 Μωυσῆς
813 272 1091 342 διελέχθη,
1131 282 1324 342 χαῖρον
1365 271 1452 325 ε’πὶ
1489 283 1604 335 τοῖς
1640 291 1773 343 προ-

83 362 389 433 ειρημένοις
441 371 540 416 τοῦ
595 365 870 429 συλλόγου
919 362 1192 429 διελύθη·’
1223 371 1341 424 ταῖς
1388 359 1436 414 δ’
1485 359 1605 430 ἑξῆς
1649 383 1773 431 φοι-

83 461 281 513 τῶντες
329 449 419 504 ε’πὶ
464 452 564 520 τὴν
613 452 822 519 σκηνὴν
861 449 1053 518 ἠξίουν
1094 450 1264 502 αὐτὸν
1303 448 1392 502 καὶ
1432 453 1638 518 νόμους
1678 450 1773 502 αὐ-

39 554 59 586 5
84 549 197 602 τοῖς
241 541 388 609 παρὰ
434 548 533 594 τοῦ
581 545 721 593 θεοῦ
767 542 1021 608 κομίζειν.
1099 539 1240 607 <94>
1282 538 1310 591 ὃ
1352 535 1413 591 δὲ
1451 540 1680 601 τούτους
1717 559 1773 592 τε

83 631 294 680 τίθεται
332 626 424 680 καὶ
454 626 579 697 περὶ
611 638 720 682 τῶν
755 629 900 681 ὅλων
941 628 1006 681 ὃν
1045 627 1113 681 ἂν
1153 630 1425 697 πραχθείη
1466 630 1672 697 τρόπον
1712 625 1774 680 ἐν

83 726 197 778 τοῖς
234 712 400 778 αὖθις
439 715 773 785 ἀπεσήμαινε
814 719 1054 786 χρόνοις·
1096 711 1174 768 ὧν
1209 718 1600 784 μνησθήσομαι
1639 717 1774 768 κατὰ

83 806 278 874 καιρὸν
317 806 536 857 οἰκεῖον.
615 807 744 867 τοὺς
776 802 838 857 δὲ
876 808 1134 866 πλειόνας
1171 814 1282 856 τῶν
1321 807 1510 873 νόμων
1549 806 1627 866 είς
1666 803 1775 857 ἑτέ-

84 912 187 961 ραν
219 891 545 961 ἀνατίθεμαι
578 895 818 962 γραφήν,
860 894 1008 945 ἰδίαν
1040 884 1164 961 περὶ
1197 892 1380 945 αὐτῶν
1411 896 1775 962 ποιησόμενος

18 995 60 1027 10
84 979 377 1049 ἀφήγησιν.

193 1069 336 1137 <95>
378 1069 520 1123 οὕτω
574 1067 634 1122 δὲ
684 1079 794 1123 τῶν
833 1069 1167 1139 πραγμάτων
1207 1069 1393 1131 αὐτοῖς
1433 1068 1704 1139 ἐχόντων,
1744 1070 1772 1123 ὁ
1810 1084 1832 1122 7

84 1160 333 1225 Μωυσῆς
370 1158 536 1212 πάλιν
584 1160 661 1220 είς
711 1161 772 1212 τὸ
813 1162 1050 1211 Σιναῖον
1091 1160 1219 1226 ὄρος
1257 1155 1445 1228 ἀνῄει,
1496 1159 1775 1228 προειπὼν

83 1255 198 1307 τοῖς
228 1243 517 1315 Ἑβραίοις.
592 1249 911 1315 βλεπόντων
953 1243 1002 1298 δ’
1044 1246 1226 1299 αὐτῶν
1266 1246 1500 1300 ε’ποιεῖτο
1540 1247 1640 1315 τὴν
1681 1248 1776 1298 ἀν-

86 1335 236 1387 οδον.
299 1333 390 1387 καὶ
430 1338 636 1405 χρόνου
675 1334 1006 1405 τριβομένου
1049 1334 1466 1405 (τετταράκοντα
1505 1336 1610 1404 γὰρ
1649 1333 1776 1403 ἡμέ-

19 1436 60 1469 15
86 1443 184 1492 ρας
224 1424 486 1491 διήγαγεν
527 1422 615 1476 ἀπ’
658 1423 862 1493 αὐτῶν)
905 1422 1028 1485 δέος
1067 1420 1175 1493 εἶχε
1216 1426 1344 1486 τοὺς
1375 1421 1663 1494 Ἑβραίους
1703 1427 1774 1492 μή

84 1531 136 1564 τι
175 1514 422 1579 Μωυσῆς
471 1513 671 1580 πάθοι,
717 1511 807 1564 καὶ
858 1522 968 1564 τῶν
1009 1515 1395 1582 συντυχόντων
1437 1514 1638 1565 δεινῶν
1679 1512 1779 1564 οὐκ

86 1602 234 1652 ἔστιν
291 1600 320 1651 ὅ
375 1619 426 1652 τι
481 1600 654 1663 οὕτως
709 1600 980 1669 ἐλύπησεν
1042 1601 1243 1663 αὐτοὺς
1296 1602 1369 1663 ὡς
1420 1603 1482 1654 τὸ
1536 1604 1779 1670 νομίζειν

84 1691 340 1756 Μωυσῆν
389 1688 745 1742 ἀπολωλέναι.
827 1691 971 1757 <96>
1019 1686 1089 1757 ῆν
1137 1690 1242 1758 γὰρ
1294 1699 1408 1751 τοῖς
1462 1689 1781 1759 ἀνθρώποις

87 1779 233 1846 ἔρις,
287 1786 397 1829 τῶν
445 1774 546 1845 μὲν
595 1776 939 1830 ἀπολωλέναι
987 1780 1265 1845 λεγόντων
1303 1781 1525 1847 θηρίοις
1562 1797 1779 1843 περιπε-

20 1879 63 1910 20
89 1868 256 1918 σόντα
309 1863 422 1935 (καὶ
473 1865 706 1933 μάλιστα
758 1866 879 1918 ὅσοι
930 1868 1066 1934 πρὸς
1118 1866 1288 1918 αὐτὸν
1340 1866 1593 1936 ἀπεχθῶς
1638 1864 1781 1935 ἦσαν

88 1955 423 2022 διακείμενοι
472 1953 680 2021 ταύτην
721 1955 822 2022 τὴν
861 1962 1050 2023 ψῆφον
1091 1952 1345 2023 ἔφερον),
1396 1964 1505 2006 τῶν
1548 1951 1608 2007 δὲ
1645 1957 1782 2024 πρὸς

86 2044 147 2095 τὸ
179 2047 341 2094 θεῖον
375 2040 866 2111 ἀνακεχωρηκέναι.
945 2043 1087 2110 <97>
1111 2044 1240 2104 τοὺς
1273 2039 1334 2094 δὲ
1368 2044 1660 2113 σώφρονας
1690 2042 1782 2096 καὶ

88 2128 388 2199 μηδέτερον
448 2139 560 2183 τῶν
622 2130 937 2199 λεγομένων
998 2132 1076 2192 εἰς
1127 2131 1340 2198 ἡδονὴν
1402 2132 1783 2199 λαμβάνοντας

90 2219 265 2286 ι’δίαν,
312 2216 403 2270 καὶ
441 2220 502 2272 τὸ
541 2222 763 2288 θηρίοις
800 2221 1163 2288 περιπεσόντα
1215 2218 1522 2272 ἀποθανεῖν
1563 2219 1782 2289 ἀνθρώ-

24 2319 65 2351 25
90 2323 257 2358 πινον
305 2305 678 2374 ἡγουμένους,
723 2305 814 2359 καὶ
860 2309 921 2360 τὸ
967 2308 1074 2360 ὑπὸ
1121 2316 1220 2360 τοῦ
1259 2313 1398 2360 θεοῦ
1437 2310 1573 2374 πρὸς
1612 2308 1782 2362 αὐτὸν

92 2401 420 2462 μεταστῆναι
461 2396 552 2447 διὰ
598 2397 699 2463 τὴν
750 2405 1069 2465 προσοῦσαν
1109 2396 1310 2465 ἀρετὴν
1349 2398 1494 2458 εἰκὸς
1531 2398 1782 2464 νομίζον-

88 2502 202 2551 τας,
241 2480 431 2554 πρᾴως
455 2485 598 2552 ἔχειν
624 2480 784 2546 οὗτος
810 2484 837 2537 ὁ
864 2486 1125 2552 λογισμὸς
1150 2483 1341 2537 ἐποίει·
1383 2486 1524 2552 <98>
1548 2486 1782 2554 προστά-

89 2590 188 2624 του
222 2568 275 2623 δ“’
307 2571 635 2641 ἠρημῶσθαι
674 2571 764 2624 καὶ
796 2574 1101 2641 κηδεμόνος
1139 2572 1622 2641 ὑπολαμβάνοντες
1661 2575 1782 2627 οἴου

89 2669 275 2728 τυχεῖν
331 2659 432 2712 οὐκ
486 2658 554 2712 ἂν
602 2660 774 2713 ἄλλου
824 2661 1120 2728 δύναιντο,
1183 2662 1400 2730 σφόδρα
1445 2663 1782 2730 λυπούμενοι

22 2760 68 2791 30
93 2746 393 2816 διετέλουν,
432 2745 522 2800 καὶ
563 2748 687 2800 οὔτε
727 2754 959 2801 πενθεῖν
1000 2749 1202 2811 αὐτοὺς
1241 2754 1325 2801 εἴα
1363 2751 1424 2802 τὸ
1463 2751 1781 2818 προσδοκᾶν

210 2852 233 2901 ἓ
269 2852 323 2892 93
350 2871 405 2885 =
430 2848 574 2892 Exod.
608 2849 695 2892 XX
729 2853 796 2894 18.
921 2855 944 2903 ξ
979 2854 1033 2892 95
1061 2872 1115 2886 --
1140 2849 1284 2893 Exod.
1319 2849 1492 2893 XXXII
1527 2857 1562 2894 1.
