2052 3141
223 20 251 71 1
261 19 329 71 70
826 18 1285 61 ΑΡΧΑΙΟΛΟΓΙΑΣ

222 154 460 223 ἀκριβῶς
513 161 612 206 τοῦ
665 152 909 221 ἐφούδου
961 153 1093 222 ὅπερ
1143 152 1470 222 ὑφαίνοντες
1520 154 1655 205 κατὰ
1706 159 1909 220 στῆθος

223 241 486 306 ἐξέλιπον.
551 239 770 294 ἑνοῦται
804 239 853 293 δ’
886 241 992 294 ὑπὸ
1025 244 1230 309 κρίκων
1254 250 1474 311 χρυσῶν
1507 242 1652 312 αὐτῷ
1687 260 1742 292 τε
1775 243 1908 294 κατὰ

221 334 429 399 γωνιάν
470 327 701 398 ἑκάστην
732 329 966 402 κάκείνω
1006 339 1116 382 τῶν
1158 335 1292 382 ἴσων
1332 328 1909 399 προσκεκοινωμένων,

223 419 499 487 ῥάμματος
530 417 805 470 ὑακίνθου
837 417 1295 487 παραληφθέντος
1327 418 1403 479 εἰς
1434 419 1534 486 τὴν
1572 420 1708 487 πρὸς
1746 416 1910 486 ἀλλή-

222 511 352 569 λους
405 506 697 558 κατάδεσιν
752 515 864 568 τοῖς
917 509 1139 573 κρίκοις.
1217 506 1394 572 <165>
1440 508 1576 573 πρὸς
1622 503 1682 558 δὲ
1728 508 1788 558 τὸ
1836 508 1907 574 μὴ
1935 527 1954 559 5

221 597 462 666 χαλαρὸν
495 590 638 647 εἶναι
669 596 730 647 τὸ
763 593 824 646 ἐν
864 593 1009 666 μέσῳ
1050 603 1160 646 τῶν
1198 597 1402 659 κρίκων
1442 597 1910 662 καταλιμπανόμε-

220 703 357 751 νον,
412 683 596 752 ῥαφὴν
658 682 829 735 αὐτοῦ
890 685 1128 750 νήμασιν
1181 682 1529 744 ὑακινθίνοις
1590 681 1909 751 ἐπενόησαν.

221 780 494 840 πορποῦσι
547 768 605 823 δὲ
657 773 756 839 τὴν
806 770 1051 838 ἐπωμίδα
1099 771 1437 839 σαρδόνυχες
1485 771 1587 823 δύο
1627 772 1760 823 κατὰ
1799 780 1909 823 τῶν

223 862 421 928 ὤμων,
485 859 741 929 ἑκάτερον
796 858 948 921 τέλος
999 857 1079 911 ἐπ’
1135 859 1334 921 αὐτοὺς
1388 857 1614 911 ἐπιθέον
1665 868 1909 928 χρυσοῦν

222 952 469 1018 ἔχοντες,
531 951 667 1019 πρὸς
728 951 787 1001 τὸ
851 958 965 1010 ταῖς
1030 951 1316 1015 περονίσιν
1380 946 1688 1015 ἐπιτήδειον
1751 943 1906 999 εἶναι.
1935 969 1975 1000 10

223 1039 403 1105 <166>
452 1037 809 1106 ἐγγέγραπται
862 1034 921 1089 δὲ
969 1038 1182 1098 τούτοις
1229 1047 1337 1089 τῶν
1380 1035 1642 1105 Ἰακώβου
1693 1037 1907 1088 παίδων

221 1127 286 1178 τὰ
326 1126 566 1194 ὀνόματα
608 1126 921 1193 γράμμασιν
955 1123 1264 1193 ἐπιχωρίοις
1305 1126 1511 1193 γλώττῃ
1553 1132 1615 1192 τῇ
1659 1123 1908 1195 ἡμετέρᾳ,

220 1212 347 1267 καθ’
387 1215 440 1277 ἓξ
474 1223 583 1266 τῶν
616 1217 795 1265 λίθων
828 1211 1188 1278 ἑκατέρωθεν·
1231 1214 1287 1265 οἶ
1321 1214 1680 1280 πρεσβύτεροι
1722 1211 1770 1265 δ’
1803 1212 1903 1265 εἰσὶ

219 1300 338 1355 κατ’
379 1299 529 1371 ὦμον
562 1304 658 1355 τὸν
693 1303 889 1364 δεξιόν.
954 1301 1130 1353 ἐπίασι
1174 1299 1233 1353 δὲ
1273 1299 1357 1353 καὶ
1394 1303 1489 1354 τὸν
1523 1300 1725 1368 ἐσσῆνα
1757 1305 1903 1354 λίθοι

221 1391 433 1444 δώδεκα
473 1390 692 1459 μεγέθει
726 1389 811 1442 καὶ
848 1390 1032 1442 κάλλει
1074 1389 1443 1459 διαφέροντες,
1482 1390 1549 1442 οὐ
1588 1392 1778 1458 κτητὸς
1816 1389 1912 1442 ἀν·
1936 1411 1975 1442 15

219 1482 465 1548 θρώποις
518 1483 720 1548 κόσμος
775 1480 865 1531 διὰ
914 1487 1067 1546 τιμῆς
1114 1478 1427 1547 ὑπερβολὴν
1479 1481 1646 1540 ὄντες.
1726 1480 1906 1545 <16ἶ>

221 1564 372 1621 οὗτοι
413 1567 597 1636 μέντοι
639 1568 771 1619 κατὰ
814 1570 999 1635 στίχον
1047 1577 1188 1633 τρεῖς
1229 1566 1310 1619 ἐπὶ
1357 1567 1624 1633 τεττάρων
1664 1570 1901 1635 κείμενοι

220 1667 484 1725 γραμμῶν
532 1656 856 1725 ἐνήσκηνται
906 1663 977 1727 τῷ
1030 1656 1176 1723 ὕφει·
1227 1658 1427 1725 χρυσὸς
1475 1652 1523 1707 δ’
1572 1655 1772 1716 αὐτοὺς
1823 1655 1905 1707 ε’κ-

218 1744 554 1814 περιέρχεται
603 1746 694 1806 τας
741 1744 920 1805 ἕλικας
968 1743 1203 1807 ἐντιθεὶς
1243 1752 1314 1815 τῷ
1359 1745 1511 1811 ὕφει,
1557 1746 1692 1810 πρὸς
1732 1746 1790 1797 τὸ
1832 1746 1903 1812 μὴ

220 1836 467 1902 διαρρεῖν
519 1834 660 1887 οὕτω
707 1832 1083 1901 πεποιημένος.
1162 1834 1339 1898 <lo-3>
1381 1831 1463 1884 καὶ
1512 1832 1539 1899 ἡ
1583 1829 1682 1899 μὲν
1722 1833 1903 1900 πρώτη
1932 1852 1974 1883 20

219 1924 369 1990 τριὰς
408 1921 519 1975 ἐστὶ
561 1923 834 1988 σαρδόνυξ
878 1924 1103 1985 τόπαζος
1142 1922 1473 1988 σμάραγδος,
1516 1921 1543 1987 ἡ
1579 1919 1805 1988 δευτέρα
1848 1918 1897 1973 δ’

218 2013 471 2078 ἄνθρακα
510 2010 792 2079 παρέχεται
846 2008 930 2061 καὶ
984 2015 1171 2062 ἴασπιν
1211 2008 1294 2061 καὶ
1341 2010 1668 2075 σάπφειρον·
1711 2017 1803 2075 τῆς
1843 2006 1902 2061 δὲ

217 2103 398 2167 τρίτης
431 2102 654 2166 λίγυρος
687 2096 786 2166 μὲν
819 2099 992 2167 ἄρχει,
1023 2095 1137 2149 εἶτα
1171 2096 1220 2150 δ’
1261 2097 1587 2165 ἀμέθυστος,
1619 2096 1817 2165 ἀχάτης
1844 2095 1902 2150 δὲ

217 2191 413 2255 τρίτος,
455 2189 642 2248 ἔνατος
682 2187 758 2238 ὢν
799 2197 910 2247 τοῖς
948 2194 1100 2238 πᾶσι·
1144 2187 1402 2251 τετάρτου
1446 2183 1502 2237 δὲ
1546 2189 1733 2253 στίχου
1775 2206 1902 2254 χρυ-

219 2279 446 2337 σόλιθος
485 2272 585 2342 μὲν
625 2278 930 2342 πρόκειται,
979 2276 1109 2342 μετα
1151 2273 1198 2326 δ’
1247 2274 1414 2326 αὐτὸν
1455 2275 1615 2340 ὄνυξ,
1654 2270 1768 2325 εἶτα
1807 2278 1902 2341 531)-
1929 2292 1970 2323 25

219 2369 442 2432 ρυλλος,
483 2367 789 2424 τελευταῖος
831 2359 1002 2424 οὗτος.
1083 2364 1262 2428 <14ὶ<ζῠ>
1307 2363 1590 2429 γράμματα
1631 2359 1680 2413 δ’
1728 2361 1901 2414 ἐπετέ-

218 2473 384 2520 τμητο
432 2459 562 2503 πᾶσι
616 2460 723 2503 τῶν
775 2448 1035 2518 Ἰακώβου
1086 2452 1257 2514 υἱῶν,
1305 2451 1401 2512 οὓς
1449 2449 1531 2502 καὶ
1587 2451 1902 2519 φυλάρχους

217 2543 538 2608 νομίζομεν,
591 2537 819 2591 ἑκάστου
872 2549 980 2591 τῶν
1029 2544 1205 2591 λίθων
1253 2539 1475 2606 ὀνόματι
1528 2537 1901 2606 τετιμημένου.

219 2630 350 2680 κατὰ
414 2628 566 2690 τάξιν
624 2627 689 2694 ἣν
745 2627 973 2679 ἕκαστον
1029 2627 1209 2679 αὐτῶν
1267 2626 1519 2693 γενέσθαι
1579 2625 1898 2694 συμβέβηκε.

220 2719 400 2782 070>
449 2726 559 2768 τῶν
609 2712 710 2768 οὖν
759 2720 962 2783 κρίκων
1013 2715 1269 2768 ἀσθενῶν
1312 2717 1488 2767 ὄντων
1529 2712 1654 2766 καθ’
1702 2714 1900 2776 αὐτοὺς
1925 2731 1966 2761 3³

337 2821 360 2868 ἓ
398 2821 478 2859 164
508 2838 560 2853 =
588 2817 730 2859 Exod.
766 2816 956 2859 XXVIII
992 2821 1037 2867 ’ἴς
1088 2815 1277 2858 XXXIX
1313 2821 1350 2859 3.
