2052 3141
136 383 169 435 3

128 2600 154 2635 t&

192 69 301 121 300
804 70 1257 111 ΑΡΧΑΙοΛοΓΙΑΣ

192 224 248 256 τε
288 211 615 273 παραχρῆμα
646 200 736 254 καὶ
767 211 988 271 ταχεῖαν
1027 207 1104 264 εἴς
1133 222 1189 255 τε
1228 204 1288 255 τὸ
1328 207 1542 271 πλῆθος
1580 202 1670 255 καὶ
1709 198 1877 256 τᾶλλα

193 293 369 344 πάντα
410 291 698 358 ἐποιήσατο
739 292 839 358 τὴν
881 290 1143 344 ἐπίδοσιν.

305 380 485 446 <175>
538 375 698 441 οὗτος
748 376 848 447 μὲν
907 375 1009 432 οὖν
1062 380 1090 433 ὁ
1141 382 1375 447 πόλεμος
1430 380 1572 432 οὕτω
1627 381 1874 432 παύεται·

195 469 356 535 ὅμοια
397 464 457 519 δὲ
497 468 711 529 τούτοις
749 473 951 519 παθεῖν
990 466 1079 519 καὶ
1118 469 1218 536 τὴν
1254 471 1489 520 Δανῖτιν
1530 467 1732 536 συνέβη
1773 489 1877 537 φυ-

193 559 315 623 λήν,
357 554 410 618 ἐξ
445 556 619 617 αἰτίας
660 556 913 623 τοιαύτης
945 557 1021 618 εἰς
1059 564 1220 608 τοῦτο
1253 562 1643 625 προαχθεῖσαν.
1699 558 1878 624 <1ῖ6>
1903 569 1922 601 5

192 654 302 696 τῶν
337 640 688 712 Ἰσραηλιτῶν
737 643 1131 696 ἐκλελοιπότων
1177 646 1282 712 ἤδη
1331 646 1430 712 τὴν
1471 644 1531 697 ἐν
1569 653 1681 707 τοῖς
1719 643 1878 697 πολέ-

193 752 315 801 μοις
368 733 599 800 ἄσκησιν
652 730 744 784 καὶ
796 734 932 800 πρὸς
985 741 1099 795 τοῖς
1154 735 1333 801 ἔργοις
1387 735 1564 786 ὄντων
1616 741 1710 801 τῆς
1763 742 1878 801 γῆς,

195 824 499 873 Χαναναῖοι
538 822 1050 890 καταφρονήσαντες
1083 821 1263 873 αὐτῶν
1305 823 1739 889 συνεποιήσαντο
1781 823 1876 874 δύ-

191 929 389 976 ναμιν,
439 905 605 961 οὐδὲν
653 905 753 977 μὲν
793 907 949 962 αὐτοὶ
987 913 1276 962 πείσεσθαι
1314 910 1757 978 προσδοκῶντες,
1805 910 1878 972 ὡς

194 994 253 1049 δὲ
306 999 534 1065 βεβαίαν
588 998 688 1065 τὴν
742 1006 840 1050 τοῦ
894 1001 1144 1066 ποιήσειν
1198 1008 1374 1060 κακῶς
1420 1001 1547 1060 τοὺς
1590 997 1877 1067 Ἑβραίους
1904 1011 1944 1041 10

194 1085 387 1138 ἐλπίδα
427 1088 706 1153 λαβόντες,
747 1083 831 1138 ἐπ’
879 1086 1064 1149 ἀδείας
1102 1089 1160 1139 τὸ
1203 1089 1396 1140 λοιπὸν
1438 1089 1610 1139 οἰκεῖν
1649 1088 1742 1148 τὰς
1781 1089 1878 1139 πό-

194 1179 305 1236 λεις
336 1173 542 1241 ἠξίουν.
622 1176 801 1241 <177>
835 1175 1044 1243 ἅρματά
1077 1173 1120 1226 τ’
1165 1171 1267 1227 οὖν
1301 1176 1876 1242 συμπαρεσκευάζοντο

192 1261 283 1315 καὶ
337 1265 397 1315 τὸ
454 1262 734 1315 ὁπλιτικὸν
786 1265 1190 1330 συνεκρότουν,
1253 1264 1313 1314 αἴ
1355 1282 1409 1314 τε
1458 1266 1642 1324 πόλεις
1696 1263 1877 1315 αὐτῶν

194 1353 598 1419 συνεφρόνουν,
640 1348 728 1401 καὶ
761 1358 854 1417 τῆς
888 1347 1069 1403 Ἰούδα
1102 1355 1278 1419 φυλῆς
1309 1352 1408 1418 τὴν
1443 1348 1756 1403 Ἀσκάλωνα
1787 1350 1872 1403 καὶ

187 1437 501 1506 Ἀκκάρωνα
540 1439 976 1506 παρεσπάσαντο,
1017 1440 1182 1500 ἄλλας
1221 1458 1273 1490 τε
1315 1440 1518 1500 πολλὰς
1556 1448 1664 1491 τῶν
1705 1438 1765 1491 ἐν
1803 1447 1875 1511 τῷ
1905 1450 1944 1481 15

190 1529 376 1600 πεδίῳ,
416 1526 504 1579 καὶ
539 1531 780 1589 Δανίτας
819 1529 896 1589 εἰς
934 1530 993 1580 τὸ
1035 1529 1161 1594 ὅρος
1195 1527 1509 1594 ’ἠνάγκασαν
1549 1537 1877 1595 συμφυγεῖν,

191 1613 310 1668 οὐδ’
360 1617 549 1683 ὀλίγον
591 1616 775 1677 αὐτοῖς
808 1615 1065 1684 ἐπιβατὸν
1106 1624 1202 1668 τοῦ
1241 1618 1435 1668 πεδίου
1476 1619 1876 1678 καταλιπόντες.

192 1705 372 1770 <178>
423 1707 479 1756 οἳ
523 1701 572 1756 δ’
620 1705 741 1757 οὔτε
791 1708 1049 1772 πολεμεῖν
1101 1706 1251 1765 ὄντες
1306 1703 1478 1757 ι’κανοὶ
1534 1713 1634 1771 γῆν
1682 1701 1731 1756 τ’
1777 1704 1876 1757 οὐκ

193 1795 407 1861 ἔχοντες
454 1792 732 1859 ἀρκοῦσαν
780 1791 1086 1860 πέμπουσιν
1135 1792 1187 1855 ἐξ
1240 1793 1422 1845 αὑτῶν
1468 1791 1623 1845 πέντε
1672 1794 1877 1859 ἄνδρας

192 1883 269 1942 είς
307 1883 407 1949 τὴν
455 1885 768 1949 μεσόγειον,
816 1881 1222 1948 κατοψομένους
1272 1890 1374 1948 γῆν
1422 1884 1498 1943 είς
1541 1882 1605 1948 ἢν
1645 1884 1943 1948 μετοικι.’-*20

193 1985 397 2021 σαιντο.
477 1973 532 2021 οἳ
562 1967 610 2021 δ’
651 1969 716 2021 οὐ
751 1972 936 2036 πόρρω
971 1978 1067 2022 τοῦ
1102 1971 1350 2036 Λιβάνου
1392 1972 1555 2036 ’ὅρους
1595 1968 1680 2021 καὶ
1726 1969 1875 2021 ἐλάτ-

191 2078 349 2119 τονος
398 2055 682 2124 Ἰορδάνου
738 2067 846 2109 τῶν
901 2067 1124 2124 πηγῶν,
1179 2059 1311 2109 κατὰ
1375 2060 1432 2110 τὸ
1496 2056 1631 2125 μέγα
1685 2059 1875 2109 πεδίον

193 2147 445 2207 Σιδῶνος
483 2148 717 2212 πόλεως,
767 2146 900 2198 ὁδὸν
944 2144 1140 2213 ἡμέρας
1180 2154 1305 2212 μιᾶς
1342 2148 1736 2212 προελθόντες.
1787 2143 1872 2196 καὶ

191 2235 656 2302 κατασκεψάμενοι
691 2242 793 2301 γῆν
828 2233 1045 2301 ἀγαθὴν
1079 2232 1163 2284 καὶ
1200 2235 1512 2300 πάμφορον,
1546 2237 1870 2301 σημαίνουσι

190 2332 302 2384 τοῖς
333 2322 533 2389 αὑτῶν,
574 2325 630 2375 οἳ
660 2321 706 2374 δ’
749 2320 1082 2389 ὁρμηθέντες
1115 2330 1322 2392 στρατῷ
1365 2326 1638 2385 κτίζουσιν
1677 2322 1869 2374 αὐτόθι
1901 2331 1941 2362 ‘25

189 2413 352 2462 πόλιν
393 2411 578 2470 Δάνα,
620 2410 915 2478 ὁμώνυμον
966 2419 1037 2481 τῷ
1075 2409 1335 2478 Ἰακώβου
1374 2413 1554 2470 παιδί,
1601 2414 1777 2477 φυλῆς
1819 2407 1866 2461 δ’

191 2497 482 2566 ἐπώνυμον
521 2507 613 2566 τῆς
653 2499 849 2550 αὐτῶν.

303 2588 482 2653 <179>
517 2596 629 2647 τοῖς
664 2585 711 2638 δ’
749 2584 1103 2654 Ἰσραηλίταις
1134 2588 1471 2653 προύβαινεν
1507 2587 1608 2638 ὑπό
1642 2583 1684 2638 τ’
1725 2585 1872 2637 ἀπει-

190 2678 310 2741 ρίας
357 2683 454 2726 τοῦ
501 2683 692 2726 πονεῖν
741 2675 802 2724 τα
852 2676 988 2725 κακα
1037 2673 1119 2725 καὶ
1174 2673 1278 2726 ἀπὸ
1321 2683 1411 2740 τῆς
1451 2672 1569 2740 περὶ
1615 2675 1673 2724 τὸ
1715 2679 1872 2725 θεῖον

190 2762 499 2829 ι’)λιγωρίαψ
551 2761 1002 2829 μετακινηθέντες
1051 2764 1151 2829 γαρ
1201 2763 1336 2824 ἅπαξ
1387 2771 1483 2813 τοῦ
1534 2765 1741 2828 κόσμου
1783 2769 1874 2827 τῆς
1897 2770 1940 2801 ³⁰

308 2869 330 2911 ,ξ
370 2862 697 2904 175Ξ111Ᾱίυ,
735 2863 744 2903 l
790 2870 857 2905 15:
897 2863 906 2903 l
946 2868 1011 2905 34.
1138 2869 1159 2913 ,ὃ
1200 2868 1278 2905 1ῗὸ
1308 2862 1526 2904 =ludi1¹.
1564 2861 1704 2903 XVIII
1748 2868 1780 2903 1.
