2052 3141
816 85 1091 126 ΔΕΥΤΕΡΑ
1691 81 1795 134 109

108 216 199 270 καὶ
238 223 330 285 τῆς
369 218 503 269 κατὰ
542 215 959 286 φιλοκέρδειαν,
1011 215 1214 286 συνέβη
1265 218 1458 278 δεινῶς
1496 217 1632 285 πρὸς
1670 219 1798 278 τοὺς

61 303 74 320 ”
102 304 391 375 Ἑβραίους
445 307 768 374 διατεθῆναι
822 308 957 358 κατὰ
1012 308 1244 378 φθόνον,
1286 312 1379 372 τῆς
1430 304 1797 371 εὐδαιμονίας.

110 395 292 462 <202>
332 395 566 463 ὁρῶντες
596 396 700 461 γὰρ
734 397 793 448 τὸ
828 404 937 447 τῶν
971 393 1323 464 Ἰσραηλιτῶν
1362 393 1522 461 γένος
1561 393 1799 461 ἀκμάζον

111 483 200 534 καὶ
235 481 306 534 δι’
346 481 546 551 ἀρετὴν
578 482 667 535 καὶ
698 484 798 551 τὴν
830 486 966 552 πρὸς
997 485 1057 537 τὸ
1090 492 1282 536 πονεῖν
1322 482 1557 551 εὐφυΐαν
1596 483 1799 549 πλήθει

69 572 403 640 5χρημάτων
449 573 555 639 ἤδη
604 573 915 640 λαμπρούς,
972 570 1098 624 καθ’
1147 572 1329 624 αὑτῶν
1369 570 1635 633 αὔξεσθαι
1675 571 1800 623 τού-

111 680 238 722 τους
275 660 681 729 ὑπελάμβανον.
760 656 838 712 ὧν
869 656 916 713 τ’
953 656 1095 728 ἦσαν
1133 660 1240 713 ὑπὸ
1275 657 1541 727 Ἰωσήπου
1581 677 1800 727 τετυχηα

111 751 264 810 κότες
298 749 390 801 διὰ
421 751 627 818 χρόνου
661 757 829 817 μῆκος
862 751 1044 817 λήθην
1077 752 1354 817 λαβόντες,
1394 746 1483 800 καὶ
1515 755 1608 815 τῆς
1647 751 1801 816 βασι-

113 840 259 899 λείας
291 839 368 898 εἰς
401 838 572 905 ἄλλον
606 834 760 890 οἷκον
793 840 1245 905 μετεληλυθυίας,
1286 839 1480 898 δεινῶς
1513 836 1801 906 ἐνύβριζόν

113 944 168 977 τε
214 934 327 987 τοῖς
368 922 726 994 Ἰσραηλίταις
771 924 860 977 καὶ
907 927 1273 993 ταλαιπωρίας
1320 925 1505 987 αὐτοῖς
1554 928 1804 987 ποικίλας

49 1030 90 1062 10
115 1012 396 1066 ἐπενόουν.
474 1014 655 1081 <2Οὸ>
709 1016 806 1067 τόν
861 1033 916 1066 τε
964 1015 1067 1082 γὰρ
1115 1015 1361 1082 ποταμὸν
1408 1015 1485 1075 εἰς
1534 1014 1806 1082 διώρυχας

112 1102 318 1164 πολλὰς
357 1101 542 1165 αὐτοῖς
580 1100 920 1171 προσέταξαν
961 1103 1262 1171 διατεμεῖν,
1309 1104 1456 1170 τείχη
1496 1098 1541 1153 τ’
1591 1101 1806 1153 οἰκοδο-

114 1197 279 1259 μῆσαι
341 1199 458 1253 ταῖς
518 1194 710 1244 πόλεσι
766 1189 856 1243 καὶ
906 1192 1159 1260 χώματα,
1215 1190 1360 1252 ὅπως
1406 1189 1653 1259 ἀνείργοι
1708 1191 1806 1242 τὸν

114 1280 360 1346 ποταμὸν
385 1280 456 1347 μὴ
484 1279 761 1347 λιμνάζειν
787 1278 888 1341 ἕως
914 1278 1140 1332 ἐκείνων
1166 1278 1574 1347 ἐπεκβαίνοντα.
1636 1294 1808 1345 πυρα-

116 1369 276 1436 μίδας
330 1366 374 1420 τ’
438 1367 931 1436 ἀνοικοδομοῦντες
978 1366 1265 1436 ἐξέτρυχον
1320 1367 1476 1435 ἡμῶν
1522 1368 1582 1419 τὸ
1632 1364 1808 1433 γένος,

52 1471 94 1504 15
119 1456 190 1518 ὡς
222 1455 414 1525 τέχνας
444 1475 500 1509 τε
533 1459 795 1519 παντοίας
827 1456 1298 1509 ἀναδιδάσκεσθαι
1338 1454 1428 1507 καὶ
1466 1465 1580 1517 τοῖς
1617 1457 1810 1516 πόνοις

116 1542 378 1612 γενέσθαι
419 1547 696 1612 συνήθεις.
774 1544 956 1612 <1204>
996 1543 1087 1596 καὶ
1125 1545 1490 1612 τετρακοσίων
1530 1541 1630 1611 μὲν
1672 1542 1808 1595 ἐτῶν

118 1635 321 1702 χρόνον
362 1631 448 1685 ἐπὶ
487 1634 708 1695 ταύταις
741 1635 1013 1702 διήνυσαν
1051 1641 1167 1694 ταῖς
1206 1635 1616 1701 ταλαιπωρίαις·
1659 1631 1810 1684 ἀντε-

118 1724 447 1790 φιλονίκουν
487 1721 618 1791 γάρ,
669 1723 726 1774 οἱ
762 1719 862 1790 μὲν
901 1723 1197 1789 Αἰγύπτιοι
1237 1731 1350 1783 τοῖς
1388 1724 1580 1783 πόνοις
1620 1719 1811 1784 ἐξαπο«

120 1807 272 1861 λέσαι
320 1812 448 1872 τοὺς
488 1808 823 1879 Ἰσραηλίτας
868 1809 1161 1877 θέλοντες,
1210 1812 1267 1862 οἳ
1314 1808 1363 1862 δ’
1411 1808 1495 1861 ἀεὶ
1535 1815 1812 1878 κρείττους

54 1914 96 1945 20
121 1901 420 1967 φαίνεσθαι
457 1908 568 1951 τῶν
610 1899 1002 1967 ἐπιταγμάτων.

231 1987 413 2055 <205>
454 1986 513 2040 ἐν
553 1988 769 2050 τούτοις
801 1985 848 2039 δ’
892 1989 1070 2040 ὄντων
1110 1986 1296 2048 αὐτοῖς
1326 1996 1437 2039 τῶν
1476 1987 1811 2055 πραγμάτων
1845 1998 1869 2036 2

122 2076 266 2127 αἰτία
305 2083 404 2128 τοῦ
451 2080 661 2144 μᾶλλον
703 2076 1010 2129 σπουδάσαι
1061 2074 1185 2143 περὶ
1225 2076 1322 2127 τὸν
1362 2074 1676 2144 ἀφανισμὸν
1715 2082 1813 2128 τοῦ

122 2161 318 2230 γένους
372 2163 528 2231 ἡμῶν
580 2165 710 2226 τοὺς
764 2165 1104 2231 Αἰγυπτίους
1157 2160 1519 2232 προσεγένετο
1574 2164 1813 2230 τοιαύτη.

123 2260 232 2304 τῶν
276 2251 754 2321 ἱερογραμματέων
793 2272 873 2315 τις
913 2250 1027 2322 (καὶ
1059 2252 1163 2320 γάρ
1197 2253 1304 2304 εἰσι
1337 2249 1511 2303 δεινοὶ
1542 2249 1666 2320 περὶ
1705 2260 1815 2303 τῶν

57 2355 99 2387 25
125 2342 441 2408 μελλόντων
492 2341 593 2408 τὴν
640 2339 908 2408 ἀλήθειαν
949 2339 1146 2408 εἰπεῖν)
1197 2336 1449 2406 ἀγγέλλει
1488 2345 1561 2409 τῷ
1604 2341 1821 2406 βασιλεῖ

123 2431 505 2497 τεχθήσεσθαί
530 2447 653 2480 τινα
687 2424 802 2480 κατ’
841 2427 1054 2480 ἐκεῖνον
1092 2428 1422 2495 τὸν·καιρὸν
1462 2435 1575 2488 τοῖς
1608 2424 1816 2494 Ἰσραη-

117 2519 323 2585 λίταις,
374 2517 432 2580 ὃς
471 2518 795 2570 ταπεινώσει
835 2514 936 2585 μὲν
975 2519 1076 2591 τὴν
1115 2527 1224 2569 τῶν
1265 2519 1582 2584 Αἰγυπτίων
1621 2517 1818 2584 ἡγεμο-
1868 2577 1873 2580 ‚

126 2608 281 2673 νίαν,
332 2604 558 2673 αὐξήσει
606 2602 667 2657 δὲ
713 2608 842 2667 τοὺς
875 2603 1211 2675 Ἰσραηλίτας
1248 2609 1499 2675 τραφείς,
1554 2604 1715 2673 ἀρετῇ
1759 2601 1819 2656 δὲ

127 2694 334 2756 πάντας
398 2693 699 2763 ὑπερβαλεῖ
756 2692 846 2746 καὶ
916 2693 1083 2757 δόξαν
1154 2693 1484 2762 ἀείμνηστον
1552 2696 1819 2761 κτήσεται.

63 2796 107 2827 30
132 2781 312 2850 <206>
345 2783 529 2844 δείσας
570 2780 617 2834 δ’
666 2783 694 2836 ὁ
737 2785 994 2851 βασιλεὺς
1032 2783 1166 2836 κατὰ
1200 2783 1424 2850 γνώμην
1463 2783 1563 2850 τὴν
1605 2781 1818 2834 ἐκείνου

0 2856 2 2877 ³
249 2887 272 2935 g
306 2888 391 2927 201
420 2905 475 2919 =
500 2883 644 2926 Exod.
678 2883 698 2925 Ι
732 2889 770 2927 7.
