2052 3141
106 2665 131 2698 ό

159 56 266 107 140
765 55 1221 97 ΑΡΧΑΙΟΛΟΓΙΑΣ

158 195 406 258 προσθεν
446 190 765 257 βαδίζουσιν
805 184 960 240 εἶναι.
1037 191 1233 257 πικρὸν
1275 185 1335 240 δὲ
1375 188 1551 241 έκεῖνο
1592 190 1651 241 τὸ
1691 188 1842 257 ὕδωρ

161 276 252 330 καὶ
300 278 504 329 ἄποτον
551 272 647 344 ἧν,
695 275 794 328 οὐκ
840 275 1160 345 ἀνθρώποις
1205 279 1378 344 μόνον
1427 276 1563 328 ἀλλὰ
1603 274 1692 328 καὶ
1732 286 1845 337 τοῖς

160 365 473 431 ὑποζυγίοις
520 363 814 433 ἀφόρητον.
894 364 999 430 <ὦ>
1049 364 1194 432 ὁρῶν
1244 361 1292 415 δ’
1341 364 1369 416 ὁ
1409 367 1656 431 ,Μωυσῆς
1707 363 1844 416 ἀθύ-

162 473 274 520 μως
315 450 691 519 διακειμένους
740 450 829 504 καὶ
867 459 965 504 τοῦ
1004 453 1315 520 πράγματος
1357 454 1416 505 τὸ
1457 451 1844 504 ἀναντίλεκτον

162 538 253 609 (οὐ
294 540 396 607 γὰρ
437 542 680 609 καθαρὸς
718 536 788 607 ἧν
830 543 1079 607 στρατός,
1121 541 1255 592 ὥστε
1296 547 1368 609 τῷ
1411 539 1712 611 βιαζομένῳ
1753 547 1845 606 τῆς

161 627 401 695 ἀνάγκης
422 627 708 690 ’ἀντιτάξαι
733 630 792 680 τὸ
826 627 1102 695 ἀνδρεῖον,
1144 627 1279 679 ἀλλὰ
1314 626 1598 695 διέφθειρε
1631 630 1691 680 τὸ
1724 624 1837 679 κατ’

162 714 405 776 ἐκείνους
437 723 696 782 γενναῖον
729 715 942 765 παίδων
968 734 1020 765 τε
1054 712 1143 765 καὶ
1177 724 1454 781 γυναικῶν
1492 716 1650 782 ὄχλος
1682 713 1846 766 ἀσθε-

161 801 414 871 νέστερος
460 810 553 869 τῆς
601 801 659 853 ἐκ
707 805 887 869 λόγων
928 800 1302 872 διδασκαλίας)
1355 802 1414 854 ἐν
1453 801 1847 872 χαλεπωτέροις

160 887 248 958 ἧν,
289 892 387 958 τὴν
429 891 721 959 συμφορὰν
754 892 853 958 τὴν
885 900 993 942 τῶν
1033 889 1287 942 ἁπάντων
1329 892 1476 942 ἰδίαν
1517 891 1689 944 αὑτοῦ
1728 910 1846 944 ποι-

163 980 409 1046 ούμενος.
489 980 594 1046 <6>
626 976 715 1030 καὶ
748 979 851 1046 γὰρ
885 975 1003 1030 οὐδ’
1045 975 1124 1030 ἐπ’
1157 979 1327 1031 ἄλλον
1361 980 1481 1031 τινὰ
1517 978 1843 1048 συνέτρεχον
1871 997 1887 1025 1

163 1063 280 1118 ἀλλ’
316 1064 395 1119 ἐπ’
429 1066 613 1134 αὐτόν,
655 1065 1088 1134 ἀντιβολοῦντες,
1122 1068 1321 1133 γύναια
1347 1064 1445 1134 μὲν
1472 1064 1607 1134 ὑπὲρ
1634 1070 1844 1134 νηπίων

163 1154 220 1206 οἱ
256 1151 304 1206 δ’
351 1155 547 1221 ἄνδρες
586 1150 723 1221 ὑπὲρ
766 1153 1009 1219 ἐκείνων,
1049 1155 1120 1220 μὴ
1162 1162 1423 1220 περιορᾶν
1465 1152 1582 1206 ἀλλ’
1632 1153 1845 1221 ἐκπορί-

164 1244 272 1305 ζειν
327 1241 511 1303 αὐτοῖς
567 1241 823 1309 ἀφορμήν
878 1261 999 1293 τινα
1057 1245 1340 1308 σωτηρίας.
1432 1242 1691 1293 ἱκετεύειν
1746 1238 1847 1294 οὖν

162 1327 408 1397 τρέπεται
441 1331 536 1381 τὸν
568 1331 724 1396 θεόν,
765 1332 1088 1396 μεταβαλεῖν
1130 1331 1188 1381 τὸ
1222 1329 1372 1395 ὕδωρ
1415 1329 1472 1381 ἐκ
1513 1338 1605 1397 τῆς
1643 1331 1848 1396 παρού-

164 1431 259 1485 σης
311 1422 498 1479 κακίας
549 1416 637 1468 καὶ
685 1419 916 1485 πότιμον
969 1417 1152 1479 αὐτοῖς
1206 1427 1521 1486 παρασχεῖν.
1602 1420 1707 1485 <Τ>
1759 1417 1846 1470 καὶ

164 1506 597 1567 κατανεύσαντος
629 1514 726 1557 τοῦ
758 1511 897 1557 θεοῦ
930 1507 1027 1573 τὴν
1060 1505 1237 1573 χάριν,
1279 1507 1463 1573 λαβὼν
1507 1505 1849 1574 ἀποτομάδος

164 1595 223 1645 τὸ
265 1594 434 1661 ἄκρον
477 1593 535 1645 ἐν
567 1592 731 1645 ποσὶν
772 1592 1096 1661 ἐρριμμένης
1137 1595 1340 1661 διαιρεῖ
1375 1593 1545 1662 μέσην
1589 1593 1672 1646 καὶ
1716 1595 1848 1646 κατὰ

164 1683 223 1732 τὸ
265 1689 432 1748 μῆκος
463 1683 563 1749 τὴν
596 1683 766 1749 τομὴν
799 1682 1182 1749 ποιησάμενος,
1222 1684 1403 1733 ἔπειτα
1443 1681 1630 1749 μεθεὶς
1670 1684 1747 1745 είς
1786 1684 1845 1734 τὸ

163 1767 338 1837 φρέαρ
380 1771 561 1821 ἔπειθε
604 1771 730 1830 τοὺς
768 1767 1054 1837 Ἑβραίους
1094 1772 1188 1821 τὸν
1228 1771 1364 1821 θεὸν
1406 1769 1639 1836 ἐπήκοον
1678 1770 1848 1822 αὐτοῦ

164 1868 272 1910 τῶν
306 1858 482 1926 εὐχῶν
515 1856 820 1924 γεγονέναι,
860 1857 949 1909 καὶ
992 1859 1330 1926 ὑπεσχῆσθαι
1372 1860 1429 1909 τὸ
1475 1859 1621 1924 ὕδωρ
1664 1858 1847 1920 αὐτοῖς

164 1945 417 2012 παρέξειν
469 1939 589 1998 οἷον
646 1945 1046 2013 ἐπιθυμοῦσιν,
1109 1945 1176 1997 ἂν
1231 1948 1365 2012 πρὸς
1421 1947 1483 1996 τά
1536 1943 1624 1997 ὑπ’
1678 1946 1847 1998 αὐτοῦ

164 2038 494 2102 κελευόμενα
542 2035 613 2101 μὴ
664 2035 907 2102 ὀκνηρῶς
954 2033 1090 2085 ἀλλὰ
1139 2035 1439 2101 προθύμως
1482 2034 1846 2100 ὑπουργῶσιν.

165 2123 270 2189 (8)
314 2121 589 2190 ἐρομένων
647 2120 695 2174 δ’

165 2210 324 2277 βάλοι
366 2212 424 2261 τὸ
465 2209 616 2276 ὕδωρ
659 2208 741 2261 ε’πὶ
785 2211 843 2261 τὸ
884 2219 1149 2275 κρεῖττον.
1190 2211 1395 2260 κελεύει
1438 2212 1563 2271 τοὺς
1603 2209 1662 2261 ἐν
1703 2209 1843 2277 ἀκμῇ

752 2123 930 2174 αὐτῶν
986 2126 1040 2173 τί
1088 2120 1175 2173 καὶ
1222 2123 1531 2173 ποιούντων
1581 2122 1648 2173 ἂν
1691 2142 1847 2189 μετα-

165 2298 520 2365 περιστάντας
547 2297 839 2360 ἐξαντλεῖν,
873 2296 1048 2363 λέγων
1075 2300 1133 2349 rb
1165 2297 1596 2364 ι’·πολειπόμειίη]
1622 2300 1842 2349 ἔσεσθαι
1870 2313 1887 2342 2

164 2388 395 2452 πότιμον
429 2385 613 2446 αὐτοῖς
644 2384 1152 2452 προεκκενωθέντος
1185 2394 1280 2437 τοῦ
1320 2389 1585 2446 πλείονος.
1664 2384 1749 2436 καὶ
1793 2388 1849 2437 οἳ

166 2470 265 2540 μὲν
292 2473 547 2538 ἐπόνουν,
588 2474 646 2523 τὸ
682 2469 729 2523 δ’
762 2472 867 2523 ὑπὸ
902 2482 1008 2524 τῶν
1042 2483 1288 2541 συνεχῶν
1322 2478 1544 2540 πληγῶν
1579 2492 1845 2540 γεγυμνα-

166 2559 368 2627 σμένον
410 2559 497 2611 καὶ
538 2559 951 2627 κεκαθαρμένον
996 2562 1094 2627 ἤδη
1136 2563 1366 2627 πότιμον
1412 2557 1490 2627 ἦν.

279 2649 382 2714 (9)
418 2649 643 2715 ἄραντες
677 2645 725 2698 δ’
759 2647 972 2699 ἐκεῖθεν
1005 2650 1081 2709 είς
1105 2643 1265 2699 ἵΗλιν
1299 2648 1677 2715 ἀφικνοῦνται.
1716 2650 1844 2713 πόρ-

167 2742 352 2803 ρωθεν
408 2733 506 2803 μὲν
559 2736 776 2803 ἀγαθὴν
827 2737 1097 2802 ὁραθῆναι.
1149 2734 1257 2804 (καὶ
1312 2737 1412 2802 γάρ
1453 2738 1844 2802 φοινικόφυτος

286 2841 308 2886 ε·
342 2840 366 2876 .·,
395 2857 446 2871 =
479 2836 617 2877 Exod.
655 2836 734 2877 xv
771 2841 838 2878 24.

1874 1433 1914 1465 15

1872 1873 1915 1903 *20

1869 2751 1886 2778 :³
1890 2751 1912 2780 Ο
