2052 3141
879 107 1090 148 ΠΡΩΤΗ
1758 106 1828 158 53

142 260 278 309 μους
326 238 579 304 τέξεσθαι
627 241 727 308 τὴν
759 237 1075 309 Ῥεβέκκαν,
1129 238 1219 292 καὶ
1265 241 1565 310 φερώνυμα
1605 242 1830 292 ἔσεσθαι

140 338 254 390 τοῖς
291 325 482 381 παισὶν
522 329 680 396 ἔθνη,
720 337 818 381 τοῦ
859 325 919 380 δὲ
960 331 1216 396 μείζονος.
1242 330 1599 398 προτερήσειν
1638 330 1698 381 τὸ
1740 330 1830 381 δο-

141 425 278 469 κοῦν
311 418 535 469 ἔλαττον
567 411 724 468 εἶναι.
804 416 985 484 <258>
1012 419 1243 468 τίκτεται
1278 414 1327 468 δ’
1367 416 1512 487 αὐτῷ
1556 413 1672 485 μετ’
1719 416 1830 468 ὀλί-

140 525 242 572 γον
280 505 414 557 κατὰ
454 505 554 572 τὴν
592 508 899 575 πρόρρησιν
940 513 1037 557 τοῦ
1077 510 1217 557 θεοῦ
1259 506 1463 574 δίδυμα
1500 506 1713 573 παιδία,
1753 500 1831 557 ὧν

95 606 115 638 5
140 595 200 646 τὸ
234 589 333 661 μὲν
364 594 739 663 πρεσβύτερον
770 592 875 646 ἀπὸ
907 598 1145 662 κεφαλῆς
1186 590 1272 645 ἐπὶ
1313 596 1439 655 τοὺς
1477 595 1650 656 πόδας
1691 595 1830 646 δασὺ

140 691 401 751 περιττῶς
446 678 542 751 ἦν,
596 685 656 735 τὸ
711 679 771 734 δὲ
810 683 1080 751 νεώτερον
1120 686 1292 751 εἴχετο
1331 685 1621 750 προϊόντος
1661 681 1831 734 αὐτοῦ

140 771 274 822 κατὰ
327 769 582 839 πτέρναν.
652 770 832 837 ἠγάπα
882 768 928 821 δ’
986 771 1013 822 ὁ
1063 767 1162 838 μὲν
1216 772 1390 839 πατὴρ
1446 773 1541 823 τὸν
1595 770 1832 838 πρεσβύ-

139 876 328 927 τερον,
353 855 606 909 ’Ήσαυον
645 859 742 910 τὸν
782 855 871 909 καὶ
913 860 1152 927 Σήειρον
1193 861 1491 927 λεγόμενον
1532 856 1647 911 κατ’
1697 857 1832 910 ε’πω-

139 947 344 1014 νυμίαν
390 953 483 1012 τῆς
530 946 861 1014 τριχώσεως·
904 944 1150 1015 Ἑβραῖοι
1199 948 1301 1015 γὰρ
1352 950 1573 1017 σηειρον
1622 949 1680 1000 τὸ
1721 949 1832 1015 τρί-

74 1048 115 1079 10
139 1054 294 1103 χωμα
357 1031 642 1101 λέγουσιν·
709 1032 964 1102 Ἰάκωβος
1020 1032 1076 1086 δ’
1141 1035 1169 1087 ὁ
1232 1036 1497 1104 νεώτερος
1551 1042 1614 1103 τῇ
1672 1032 1832 1102 μητρὶ

139 1123 447 1192 προσφιλὴς
486 1118 569 1190 ἦν.

253 1210 431 1278 <259>
457 1215 620 1279 λιμοῦ
646 1207 705 1263 δὲ
731 1212 830 1279 τὴν
856 1218 959 1278 γῆν
985 1214 1387 1279 καταλαβόντος
1407 1209 1639 1277 Ἴσακος,
1666 1209 1833 1273 δόξαν

142 1298 287 1370 αὐτῷ
338 1308 536 1368 χωρεῖν
576 1300 652 1360 εἰς
690 1303 1003 1367 Αἴγυπτον,
1056 1307 1148 1368 τῆς
1195 1301 1372 1369 χώρας
1411 1299 1622 1367 ἀγαθῆς
1662 1299 1831 1368 ὑπαρ-

141 1388 372 1456 χούσης,
436 1385 522 1438 ἐπὶ
578 1387 840 1455 Γεράρων
897 1385 1057 1456 ἀπῄει
1110 1396 1207 1440 τοῦ
1261 1393 1401 1440 θεοῦ
1458 1389 1831 1449 κελεύσαντος.

75 1489 116 1522 15
141 1472 462 1544 ὑποδέχεται
489 1472 538 1526 δ’
570 1474 739 1527 αὐτὸν
766 1475 793 1528 ὁ
820 1478 1075 1543 βασιλεὺς
1109 1473 1453 1544 Ἀβιμέλεχος
1484 1477 1617 1527 κατὰ
1650 1475 1833 1539 ξενίαν

141 1561 231 1615 καὶ
263 1565 455 1632 φιλίαν
488 1564 587 1631 τὴν
622 1560 911 1633 Ἀβράμου.
989 1562 1078 1615 καὶ
1110 1568 1284 1632 πολλῆ
1318 1565 1463 1616 πάνυ
1497 1566 1632 1633 πρὸς
1665 1564 1833 1616 αὐτὸν

143 1651 332 1722 εὐνοία
363 1652 704 1721 χρησάμενος
736 1649 849 1703 κατ’
890 1650 1076 1721 ἀρχάς,
1117 1651 1203 1704 ἐπὶ
1235 1654 1433 1721 ταύτης
1464 1652 1569 1704 ὑπὸ
1610 1655 1832 1721 φθόνου

143 1749 325 1809 μεῖναι
379 1742 515 1808 πρὸς
568 1742 628 1792 τὸ
679 1747 789 1792 πᾶν
837 1739 1114 1808 ἐκωλύθη·
1166 1742 1346 1808 <260>
1390 1741 1536 1810 ὁρῶν
1585 1742 1689 1810 γὰρ
1736 1742 1833 1793 τὸν

141 1831 280 1882 θεὸν
328 1835 401 1900 τςό
447 1826 637 1901 Ἰσάκῳ
687 1831 1041 1897 συμπαρόντα
1088 1827 1177 1881 καὶ
1225 1831 1460 1899 τοσαύτῃ
1500 1828 1624 1899 περὶ
1664 1829 1834 1881 αὐτὸν

74 1931 118 1963 20
144 1918 356 1985 σπουδῇ
412 1917 733 1986 χρώμενον,
789 1916 1068 1969 ἀπεώσατο
1121 1917 1304 1969 αὐτόν.
1394 1917 1421 1969 ὃ
1471 1915 1531 1970 δὲ
1579 1918 1833 1970 τοιούτου

142 2006 308 2058 πάλιν
357 2004 414 2057 ἐκ
462 2008 762 2074 μεταβολῆς
809 2012 902 2071 τῆς
949 2004 1053 2057 ἀπὸ
1096 2013 1193 2058 τοῦ
1233 2006 1514 2073 βασκάνου
1553 2003 1835 2074 πειραθεὶς

137 2091 518 2163 Ἀβιμελέχου,
568 2095 686 2146 τότε
734 2089 834 2160 μὲν
883 2092 1229 2163 ἀνεχώρησεν
1278 2095 1355 2155 εἰς
1393 2095 1491 2162 τὴν
1532 2091 1835 2161 λεγομένην

146 2182 443 2251 Φάραγγα,
489 2184 692 2251 χωρίον
740 2181 806 2234 οὐ
859 2183 1072 2251 μακρὰν
1112 2182 1394 2251 Γεράρων·
1453 2181 1737 2250 ὀρύττοντι
1778 2180 1826 2232 δ’

144 2270 289 2340 αὐτῷ
322 2267 496 2339 φρέαρ
528 2267 782 2337 ποιμένες
815 2269 1161 2332 ἐπιπεσόντες
1200 2271 1276 2331 εἰς
1315 2270 1492 2339 μάχην
1533 2269 1833 2338 ἐχώρησαν,

79 2370 120 2403 25
146 2358 453 2419 κωλύοντες
501 2353 775 2427 τοῦργον,
830 2356 919 2410 καὶ
975 2359 1047 2426 μὴ
1103 2357 1477 2426 βουληθέντος
1527 2362 1835 2426 φιλονικεῖν

146 2444 342 2508 ἔδοξαν
382 2444 782 2515 κεκρατηκέναι.
863 2446 1043 2514 <261>
1084 2446 1444 2515 ὑποχωρήσας
1484 2443 1543 2498 δὲ
1597 2447 1835 2515 ὤρυττεν

145 2533 352 2603 ἕτερον,
391 2531 482 2585 καὶ
521 2532 870 2601 βιασαμένων
904 2535 1086 2586 ἄλλων
1126 2544 1292 2587 τινῶν
1327 2532 1675 2603 Ἀβιμελέχου
1715 2551 1835 2586 ποι-

145 2621 327 2690 μένων
374 2619 465 2674 καὶ
516 2629 676 2674 τοῦτο
724 2623 1038 2674 καταλιπὼν
1090 2621 1471 2692 ἀνεχώρησεν,
1524 2622 1835 2690 εὐγνώμονι

145 2715 388 2781 λογισμςό
424 2711 698 2778 κτώμενος
730 2710 878 2780 αὐτῷ
911 2712 1012 2778 τὴν
1045 2712 1251 2763 ἄδειαν.
1332 2712 1511 2778 <262>
1553 2707 1667 2762 εἶτα
1708 2709 1834 2762 ταύ-

78 2810 122 2842 30
145 2798 383 2866 τομάτου
422 2799 798 2867 παρασχόντος
844 2797 990 2869 αὐτῷ
1040 2799 1140 2866 τὴν
1180 2801 1530 2868 φρεωρυχίαν
1572 2798 1834 2852 ἀνεπικώ-

267 2902 291 2951 ξ
325 2903 409 2943 258
437 2920 492 2934 =
519 2897 630 2941 Gen.
663 2897 792 2940 XXV
825 2902 894 2941 25.
