2052 3141
842 78 1116 119 AETTEPA
1713 76 1816 128 137

132 222 303 282 χεῖται
342 211 507 264 πάλιν
539 210 571 277 ἡ
604 210 867 279 θάλαττα,
906 210 996 263 καὶ
1036 211 1564 280 περικαταλαμβάνει
1605 210 1821 280 ῥοώδης

132 302 237 354 ὑπὸ
277 299 604 367 πνευμάτων
636 307 897 351 κατιοῦσα
937 301 1065 360 τοὺς
1097 301 1448 374 Αἰγυπτίους.
1530 300 1726 368 ὄμβροι
1765 297 1810 352 τ’

133 385 223 440 ἀπ’
271 388 515 456 οὐρανοῦ
546 385 872 455 κατέβαινον
920 385 1010 439 καὶ
1056 386 1283 455 βρονταὶ
1324 386 1553 457 σκληραὶ
1592 387 1819 457 προσεξ-

133 475 436 545 απτομένης
483 474 792 544 ἀστραπῆς,
846 473 937 527 καὶ
976 474 1235 543 κεραυνοὶ
1276 473 1337 527 δὲ
1383 473 1819 545 κατηνέχθησαν.

86 579 106 611 5
131 565 311 632 <344>
352 564 492 626 ὅλως
532 562 579 615 δ’
621 561 787 616 οὐδὲν
826 560 895 631 ἧν
935 573 1043 616 τῶν
1078 562 1157 616 ἐπ’
1197 563 1439 635 ἀπωλείᾳ
1478 565 1613 616 κατὰ
1654 572 1820 632 μῆνιν

128 658 268 706 θεοῦ
316 654 738 721 συμπιπτόντων
787 651 1139 720 ἀνθρώποις,
1195 653 1222 705 ὃ
1272 654 1343 721 μὴ
1384 655 1506 705 τότε
1548 657 1818 720 συνῆλθε·

129 739 219 793 καὶ
266 742 368 809 γὰρ
417 740 515 804 νὺξ
565 741 765 803 αὐτοὺς
814 742 1061 809 ζοφώδης
1108 739 1198 793 καὶ
1251 742 1501 808 σκοτεινὴ
1543 739 1819 809 κατέλαβε.

129 827 219 880 καὶ
259 831 316 881 οἳ
350 825 451 896 μὲν
493 829 665 890 οὕτως
705 828 988 881 ἀπώλοντο
1029 829 1251 895 πάντες,
1300 829 1371 890 ὡς
1411 826 1538 897 μηδ’
1585 831 1820 896 ἄγγελον

129 923 223 984 τῆς
255 924 540 985 συμφορᾶς
572 925 684 978 τοῖς
716 916 1199 985 ὑπολελειμμένοις
1230 916 1589 987 ὑποστρέψαι·
1639 919 1820 985 <34ὀ>

66 1022 107 1052 10
131 1006 259 1066 τοὺς
299 1001 349 1056 δ’
388 1002 676 1074 Ἑβραιόυς
708 1002 839 1058 οὐδὲ
878 1014 1168 1074 κατασχεῖν
1208 1002 1277 1073 ἧν
1319 1004 1405 1058 ἐπὶ
1444 1013 1506 1074 τῇ
1547 1014 1687 1076 χαρᾷ
1726 1012 1819 1073 τῆς

129 1091 445 1162 παραδόξου
497 1095 764 1162 σωτηρίας
817 1091 906 1145 καὶ
961 1100 1023 1161 τῇ
1080 1102 1188 1145 τῶν
1234 1096 1512 1162 πολεμίων
1563 1093 1822 1164 ἀπωλείᾳ,

131 1183 364 1249 βεβαίως
402 1184 722 1249 νομίζοντας
770 1182 1192 1249 ἠλευθερῶσθαι
1240 1191 1350 1234 τῶν
1402 1181 1821 1249 ἀναγκαζόντων

132 1270 420 1322 δουλεύειν
454 1271 899 1337 διεφθαρμένων,
937 1268 1027 1321 καὶ
1060 1271 1156 1322 τὸν
1187 1271 1325 1322 θεὸν
1367 1269 1540 1331 οὕτως
1580 1269 1823 1339 ἐναργῶς

132 1360 354 1427 ἔχοντας
401 1360 735 1425 βοηθοῦντα.
813 1358 994 1424 <346>
1041 1355 1130 1408 καὶ
1179 1359 1236 1409 οἳ
1279 1354 1379 1424 μὲν
1427 1356 1587 1409 αὐτοί
1629 1377 1683 1409 τε
1724 1359 1823 1410 τὸν

65 1461 106 1494 15
131 1447 396 1498 κίνδυνον
435 1445 608 1507 οὕτως
641 1444 989 1513 ἐκφυγόντες,
1029 1443 1118 1496 καὶ
1157 1443 1378 1513 προσέτι
1419 1447 1546 1506 τοὺς
1588 1444 1826 1514 ἐχθροὺς

133 1532 411 1595 ἐπιδόντες
464 1531 898 1601 κεκολασμένους
953 1533 1024 1595 ὡς
1072 1532 1171 1585 οὐκ
1218 1533 1375 1585 ἄλλοι
1422 1530 1565 1595 τινὲς
1616 1554 1824 1602 μνημο-

132 1622 388 1674 νεύονται
420 1631 530 1674 τῶν
561 1624 809 1690 πρόσθεν
843 1620 1178 1690 ἀνθρώπων,
1219 1620 1278 1673 ἐν
1318 1621 1514 1689 ὕμνοις
1553 1618 1693 1689 ἦσαν
1733 1621 1824 1674 καὶ

132 1711 376 1771 παιδιαῖς
427 1710 562 1778 ὅλην
602 1711 702 1777 τὴν
742 1711 949 1776 νύκτα,
1003 1708 1093 1761 καὶ
1132 1712 1380 1778 Μωυσῆς
1421 1708 1572 1781 ᾠδὴν
1612 1711 1689 1772 εἰς
1726 1712 1824 1762 τὸν

132 1800 270 1851 θεὸν
312 1797 582 1866 ἐγκώμιόν
614 1817 669 1850 τε
704 1796 794 1850 καὶ
833 1806 926 1866 τῆς
964 1798 1245 1865 εὐμενείας
1284 1798 1636 1867 εὐχαριστίαν
1675 1816 1825 1866 περι-

68 1902 111 1934 20
135 1884 367 1955 ε’χουσαν
409 1885 467 1938 ἐν
509 1884 778 1958 ἑξαμέτρῳ
819 1889 961 1958 τόνῳ
1004 1889 1348 1954 συντίθησιν.

246 1975 426 2043 (347)
453 1974 557 2042 ἐγὼ
584 1971 685 2043 μὲν
710 1969 812 2026 οὖν
847 1974 919 2036 ὡς
951 1969 1117 2042 εὗρον
1151 1973 1210 2026 ἐν
1243 1982 1358 2036 ταῖς
1391 1974 1559 2043 ἱεραῖς
1591 1976 1822 2042 βίβλοις,

136 2063 309 2126 οὕτως
361 2062 591 2115 ἕκαστον
630 2063 841 2116 τούτων
879 2060 1191 2131 παρέδωκα·
1231 2062 1493 2132 θαυμάσῃ
1536 2059 1595 2114 δὲ
1635 2062 1825 2131 μηδεὶς

134 2159 232 2204 τοῦ
279 2153 449 2219 λόγου
496 2153 556 2204 τὸ
604 2149 946 2221 παράδοξον,
993 2152 1044 2202 εί
1087 2149 1333 2219 ἀρχαιόις
1379 2149 1697 2220 ἀνθρώποις
1735 2150 1826 2203 καὶ

136 2243 402 2309 πονηρίας
449 2238 692 2308 ἀπείροις
738 2237 941 2307 εὑρέθη
992 2242 1259 2307 σωτηρίας
1300 2238 1429 2301 ὁδὸς
1466 2238 1557 2291 καὶ
1599 2240 1690 2290 διὰ
1721 2245 1824 2290 θα-

70 2340 112 2373 25
138 2327 363 2395 λάττης,
418 2332 523 2379 εἴτε
570 2327 704 2378 κατὰ
744 2327 1012 2394 βούλησιν
1051 2332 1192 2379 θεοῦ
1239 2332 1344 2378 εἴτε
1385 2327 1519 2379 κατὰ
1559 2327 1825 2395 ταύτόμα-

137 2435 260 2484 τον,
315 2415 495 2481 <348>
536 2415 696 2467 ὁπότε
743 2413 833 2466 καὶ
881 2424 995 2476 τοῖς
1032 2413 1156 2484 περὶ
1196 2417 1293 2467 τὸν
1326 2412 1688 2483 Ἀλέξανδρον
1727 2417 1825 2468 τὸν

137 2501 364 2573 βασιλέα
413 2509 507 2570 τῆς
555 2504 910 2565 ᾧΜακεδονίας
960 2500 1092 2572 χθὲς
1141 2501 1231 2555 καὶ
1285 2500 1479 2574 πρςόην
1532 2505 1824 2570 γεγονόσιν

138 2591 453 2661 ὑπεχώρησε
517 2592 576 2643 τὸ
632 2592 969 2660 Παμφύλιον
1022 2590 1256 2658 πέλαγος
1309 2589 1399 2643 καὶ
1462 2591 1596 2644 ὁδὸν
1651 2592 1827 2659 ἄλλην

139 2679 239 2732 οὐκ
294 2682 481 2749 ἔχουσι
531 2678 764 2749 παρέσχε
819 2681 919 2747 τὴν
976 2677 1046 2731 δι’
1109 2679 1311 2746 αὑτοῦ,
1372 2683 1670 2731 καταλῦσαι
1724 2681 1824 2747 τὴν

75 2780 116 2812 30
139 2771 375 2837 Περσῶν
422 2767 720 2835 ἡγεμονίαν
767 2775 865 2820 τοῦ
913 2773 1052 2820 θεοῦ
1102 2769 1455 2834 θελήσαντος.
1533 2766 1623 2820 καὶ
1662 2776 1825 2821 τοῦτο

260 2872 284 2921 ς
318 2872 402 2911 343
429 2889 483 2904 =
508 2867 652 2911 Exod.
686 2868 792 2911 XIV
825 2872 894 2912 24.
