2052 3141
866 42 1046 81 TPITH
1696 38 1798 89 151

109 195 270 244 μενοι
309 176 445 245 πρὸς
493 176 621 235 τοὺς
658 176 1171 242 κατατολμήσαντας
1209 173 1392 225 αὐτῶν
1432 173 1565 241 μετὰ
1605 174 1706 241 τὴν
1747 172 1799 236 ἐξ

110 264 396 331 Αἰγύπτου
446 261 752 330 γενομένην
799 261 1018 330 ἔξοδον,
1066 262 1238 323 οὕτως
1279 260 1642 329 ἐπολέμησαν·
1686 259 1801 313 ἐπεὶ

111 348 172 404 δὲ
212 352 312 419 τὴν
351 360 460 403 τῶν
494 350 775 402 ἐπινικίων
811 348 1005 418 ἑορτὴν
1045 351 1274 417 ἤγαγον,
1315 350 1342 403 ὁ
1382 352 1630 418 ὦΜωυσῆς
1669 348 1800 401 ἀνα·

106 441 319 502 παύσας
370 437 451 491 ἐπ’
506 439 694 506 ὀλίγας
742 437 946 507 ἡμέρας
995 440 1124 500 τοὺς
1171 436 1459 506 Ἑβραίους
1515 439 1647 506 μετὰ
1701 439 1801 506 τὴν

62 545 84 576 5
109 529 288 598 μάχην
326 534 531 596 προῆγε
573 525 1055 595 συντεταγμένους.
1136 527 1279 593 <62>
1310 529 1451 578 πολὺ
1496 525 1544 578 δ’
1583 523 1654 594 ἦν
1693 528 1798 594 ἤδη

104 619 166 669 τὸ
209 617 488 670 ὁπλιτικὸν
529 615 727 678 αὐτοῖς.
805 614 895 667 καὶ
934 616 1146 684 προϊὼν
1193 611 1307 666 κατ’
1356 615 1546 682 ὀλίγον
1588 613 1647 666 ἐν
1687 633 1799 684 τρι-

106 706 259 777 μήνῳ
315 705 447 772 μετὰ
503 705 603 772 τὴν
666 703 719 766 ἐξ
768 704 1054 771 Αἰγύπτου
1110 706 1330 771 κίνησιν
1377 710 1558 772 παρῆν
1610 701 1697 754 ἐπὶ
1737 705 1798 755 τὸ

105 796 340 845 Σιναῖον
382 794 536 861 ὄρος,
579 791 637 844 ἐν
679 786 720 863 ᾧ
761 793 825 844 τά
863 811 919 844 τε
959 790 1082 861 περὶ
1121 794 1217 845 τὸν
1255 791 1476 860 θάμνον
1517 791 1665 862 αὐτῷ
1708 789 1799 843 καὶ

103 881 169 931 τὰ
209 880 371 933 λοιπὰ
411 880 770 948 φαντάσματα
824 890 1116 949 συντυχεῖν
1156 883 1572 949 προειρήκαμεν.
1652 879 1797 946 <63>

37 986 79 1017 10
103 966 194 1019 καὶ
233 965 560 1036 Ῥαγουῆλος
608 968 636 1021 ὁ
684 969 955 1036 πενθερὸς
1001 969 1101 1035 τὴν
1150 968 1321 1020 αὐτοῦ
1373 969 1856 1035 πυνθανόμενοςῗ)

103 1055 407 1125 εὐπραγίαν
457 1054 704 1124 ἀσμένως
751 1055 995 1125 ἀπήντα,
1042 1058 1138 1108 τόν
1179 1075 1234 1107 τε
1274 1058 1528 1123 Μωυσῆν
1568 1054 1657 1107 καὶ
1697 1057 1797 1124 τὴν

103 1145 427 1213 Σαπφώραν
468 1145 762 1214 δεχόμενος
799 1142 890 1196 καὶ
930 1147 1058 1206 τοὺς
1096 1145 1296 1206 παῖδας
1335 1144 1531 1196 αὐτῶν.
1609 1144 1799 1211 ἥδεται

103 1229 163 1284 δὲ
203 1235 452 1300 Μωυσῆς
499 1231 584 1284 ἐπὶ
636 1240 698 1301 τῇ
750 1242 849 1286 τοῦ
900 1238 1179 1301 πενθεροῦ
1228 1231 1439 1301 ἀφίξει,
1490 1230 1581 1284 καὶ
1618 1234 1799 1295 θύσας

102 1321 301 1390 εὐωχεῖ
329 1323 389 1373 τὸ
422 1325 634 1388 πλῆθος
666 1329 764 1373 τοῦ
795 1321 1018 1388 θάμνου
1058 1324 1312 1388 πλησίον,
1353 1320 1412 1382 ὃς
1452 1322 1797 1390 διεπεφεύγει

35 1428 76 1459 15
99 1417 199 1462 τοῦ
249 1412 422 1479 πυρὸς
472 1411 572 1477 τὴν
623 1412 922 1478 φλόγωσιν.
1003 1410 1146 1476 <64>
1187 1408 1277 1461 καὶ
1324 1411 1385 1461 τὸ
1439 1405 1539 1477 μὲν
1580 1414 1796 1477 πλῆθος

100 1499 235 1550 κατὰ
269 1501 588 1566 συγγενείας
621 1498 693 1560 ὡς
726 1497 941 1551 ἔκαστοι
973 1505 1067 1565 τῆς
1099 1498 1329 1566 εὐωχίας
1361 1498 1796 1566 μετελάμβανον,

101 1588 308 1656 Ααρὼν
342 1584 402 1639 δὲ
428 1589 532 1639 σὺν
565 1596 677 1648 τοῖς
708 1595 945 1654 παροῦσι
977 1584 1311 1654 Ῥαγουῆλον
1344 1589 1797 1655 προσλαβόμενος

99 1675 310 1743 ὕμνους
347 1673 392 1727 τ’
440 1670 580 1745 ᾖδον
619 1677 695 1737 εἰς
732 1677 829 1727 τὸν
878 1677 1017 1728 θεὸν
1059 1676 1130 1737 ὡς
1169 1682 1262 1742 τῆς
1302 1678 1572 1744 σωτηρίας
1611 1674 1796 1737 αὐτοῖς

100 1762 190 1816 καὶ
239 1771 332 1831 τῆς
379 1763 698 1831 ἐλευθερίας
747 1767 924 1815 αι”τιον
972 1761 1062 1815 καὶ
1100 1764 1367 1832 ποριστὴν
1408 1761 1797 1830 γεγενημένον,

33 1869 77 1900 20
100 1852 243 1920 <65>
298 1850 388 1904 καὶ
442 1853 539 1904 τὸν
595 1853 899 1919 στρατηγὸν
956 1850 1243 1920 εὐφήμουν
1299 1851 1370 1912 ὡς
1423 1848 1539 1902 κατ’
1596 1850 1796 1920 ἀρετὴν

101 1940 315 1994 ἐκείνου
361 1940 585 1993 πάντων
633 1939 820 2001 αὐτοῖς
867 1941 1002 1991 κατὰ
1041 1948 1180 1992 νοῦν
1221 1938 1628 2007 ἀπηντηκότων.
1705 1939 1796 1992 καὶ

92 2027 418 2096 Ῥαγουῆλος
471 2027 647 2080 πολλὰ
701 2024 802 2095 μὲν
859 2026 1098 2096 ἐγκώμια
1149 2035 1248 2080 τοῦ
1293 2029 1545 2094 πλήθους
1592 2026 1679 2080 ἐπὶ
1730 2036 1794 2097 τῇ

100 2118 237 2186 πρὸς
267 2118 364 2169 τὸν
388 2119 643 2183 ΛΜωυσῆν
675 2115 991 2187 εὐχαριστία
1026 2113 1247 2185 διεξῄει,
1291 2114 1562 2183 ἐθαύμαζε
1604 2113 1665 2168 δὲ
1704 2115 1797 2169 καὶ

101 2206 198 2257 τὸν
237 2206 490 2271 Μωυσῆν
536 2211 631 2271 τῆς
678 2202 765 2256 ἐπὶ
811 2211 874 2272 τῇ
924 2207 1166 2274 σωτηρία
1214 2212 1324 2255 τῶν
1372 2206 1551 2271 φίλων
1591 2202 1796 2273 ἀνδρα-

34 2309 77 2341 25
102 2295 315 2359 γαθιάς.
1368 2281 1372 2283 ’

215 2380 359 2448 <66>
400 2386 464 2448 τῇ
508 2376 556 2431 δ’
596 2379 854 2450 ὑστεραία
886 2380 1229 2448 θεασάμενος
1269 2380 1296 2433 ὁ
1331 2378 1657 2447 Ῥαγουῆλος
1695 2382 1792 2433 τὸν
1817 2380 1854 2431 4

100 2471 354 2535 Μωυσῆν
407 2466 466 2519 ἐν
518 2468 662 2539 ὄχλῳ
712 2468 1046 2536 πραγμάτων
1099 2469 1230 2520 ὄντα
1282 2465 1488 2536 (διέλυε
1543 2468 1648 2536 γὰρ
1700 2469 1795 2530 τὰς

103 2558 256 2618 δίκας
302 2566 414 2617 τοῖς
462 2554 777 2623 δεομένοις,
831 2556 1053 2608 πάντων
1102 2554 1183 2608 ἐπ’
1239 2555 1407 2608 αὐτὸν
1454 2555 1793 2623 βαδιζόντων

100 2643 191 2696 καὶ
231 2647 412 2713 μόνως
452 2643 520 2695 ἂν
560 2652 657 2697 τοῦ
699 2645 915 2697 δικαίου
955 2653 1141 2713 τυχεῖν
1179 2642 1523 2712 ἡγουμένων,
1563 2645 1615 2695 εἰ
1653 2645 1794 2696 διαι-

33 2748 78 2780 30
102 2734 263 2800 τητὴς
313 2733 475 2794 αὐτὸς
527 2728 685 2794 οὗτος
724 2730 960 2800 γένοιτο·
1017 2733 1158 2800 <67>
1199 2730 1290 2784 καὶ
1330 2733 1432 2801 γὰρ
1474 2741 1587 2794 τοῖς
1625 2732 1795 2801 ἡττω-

222 2838 244 2886 ξ
279 2838 332 2876 62
361 2855 416 2868 --
442 2833 585 2877 Exod.
618 2833 725 2875 XIX
760 2839 797 2877 1.
921 2838 945 2887 ἓ»
980 2839 1034 2877 63
1062 2855 1116 2869 =
1141 2833 1285 2877 EXOd.
1321 2832 1471 2875 XVIII
1506 2839 1543 2877 1.
