2052 3141
854 77 1034 117 TPITH
1684 77 1788 129 147

98 209 239 278 ἡμᾶς
286 209 545 279 κατάρξαι
595 209 770 279 μάχης
815 211 1202 278 θαρρήσαντας
1250 218 1321 281 τῷ
1381 207 1554 279 μηδὲν
1605 211 1794 275 αὐτοῖς

98 295 227 367 παρ’
270 298 429 366 ἡμῶν
476 297 748 365 ἀπαντᾶν,
795 299 1086 350 καταλύειν
1137 296 1377 367 ἀσφαλὲς
1416 299 1506 353 καὶ
1547 309 1792 369 σῶφρον,

101 387 259 454 δίκην
306 385 506 449 αὐτοὺς
556 385 646 438 καὶ
696 385 820 456 περὶ
867 394 960 454 τῆς
1011 375 1216 456 ἐρήμου
1264 386 1355 440 καὶ
1403 398 1513 441 τῶν
1554 387 1614 440 ἐν
1655 389 1791 457 αὐτῇ

97 470 460 543 πραχθέντων
507 472 904 540 ἀπαιτοῦντας,
953 469 1070 525 ἀλλ’
1132 473 1230 542 οὐχ
1280 474 1413 527 ὅταν
1464 486 1580 539 ταῖς
1632 480 1792 530 πόλε-

55 575 188 614 ῡσιν
250 561 405 630 ἡμῶν
467 560 556 614 καὶ
619 571 733 624 τοϊς
780 561 1013 629 ἀγαθοῖς
1077 561 1376 630 ἐπιβάλωσι
1439 565 1533 626 τὰς
1593 575 1791 634 χεῖρας.

97 649 240 716 <42>
290 649 348 702 οἱ
398 647 445 701 δ’
501 648 810 719 ἀρχομένην
875 651 1114 717 δύναμιν
1178 649 1397 720 ἐχθρῶν
1461 655 1792 722 πειρώμενοι

95 738 386 790 καταλύειν
433 737 636 805 ἀγαθοὶ
693 736 941 791 συνιέναι
989 742 1199 806 μᾶλλον
1248 739 1280 807 ἢ
1330 740 1388 792 οἱ
1429 744 1790 810 προκόψασαν

96 827 255 892 μείζω
303 826 609 887 κωλύοντες
660 824 942 892 γενέσθαι·
997 829 1053 878 οἳ
1095 822 1196 893 μὲν
1244 828 1346 896 γὰρ
1395 837 1494 881 τοῦ
1533 839 1790 899 περιττοῦ

97 914 324 966 δοκοῦσι
354 921 610 981 νεμεσᾶν,
651 916 708 966 οἳ
737 910 785 965 δ’
827 914 1092 982 οὐδεμίαν
1128 915 1312 977 αὐτοῖς
1351 915 1610 986 ἀφορμὴν
1650 918 1781 971 καθ’

30 1020 71 1051 10
96 1000 277 1054 αὑτῶν
319 999 448 1054 ἐῶσι
494 999 796 1068 γενέσθαι.’
874 1011 1098 1055 τοιαῦτα
1138 1013 1251 1064 τοϊς
1291 1023 1346 1056 τε
1387 1008 1789 1076 πλησιοχώροις

95 1087 184 1141 καὶ
223 1091 358 1156 πρὸς
398 1088 669 1158 ἀλλήλους
714 1093 1147 1159 πρεσβευόμενοι
1183 1102 1386 1160 ’χωρεῖν
1427 1103 1541 1155 τοῖς
1573 1091 1788 1164 Ἑβραί-

96 1197 177 1240 οις
217 1178 527 1246 ἐγνώκεσαν
567 1181 643 1241 εἰς
682 1179 876 1248 μάχην.
980 1178 983 1185 ’

208 1267 350 1334 <43>
383 1270 618 1319 Μωυσεῖ
651 1264 699 1319 δ’
733 1265 900 1321 οὐδὲν
931 1269 1312 1338 προσδοκῶντι
1352 1269 1617 1339 πολέμιον
1657 1272 1789 1326 ἀπο-

96 1356 221 1423 ρίαν
275 1352 365 1406 καὶ
419 1357 659 1424 ταραχὴν
724 1355 958 1409 ἐνεποίει
1012 1358 1077 1409 τὰ
1132 1367 1240 1409 τῶν
1297 1357 1620 1429 ἐπιχωρίων.
1699 1360 1790 1414 καὶ

29 1461 69 1493 15
94 1445 385 1510 παρόντων
438 1442 525 1495 ἐπὶ
576 1446 675 1512 τὴν
722 1445 901 1514 μάχην
950 1447 1052 1513 ἤδη
1101 1445 1192 1497 καὶ
1241 1448 1592 1500 κινδυνεύειν
1641 1448 1788 1517 δεόν,

95 1531 357 1600 ἐθορύβει
397 1536 640 1601 χαλεπῶς
679 1535 739 1586 τὸ
781 1544 889 1585 τῶν
921 1531 1192 1602 Ἑβραίων
1232 1539 1447 1602 πλῆθος
1488 1536 1548 1589 ἐν
1588 1536 1790 1609 ἀποριά

95 1617 194 1688 μὲν
235 1620 300 1672 ὃν
333 1619 609 1688 ἁπάντων,
649 1620 850 1689 με’λλον
885 1619 945 1674 δὲ
977 1627 1240 1691 πολεμεῖν
1280 1626 1416 1693 πρὸς
1457 1624 1790 1694 ἀνθρώπους

94 1717 207 1770 τοῖς
238 1710 405 1761 ἅπασι
437 1714 614 1772 καλῶς
647 1709 1056 1779 ἐξηρτυμένους.
1114 1712 1258 1779 <44>
1292 1716 1646 1782 παραμυθίας
1687 1710 1789 1767 οὖν

95 1797 122 1850 ὁ
155 1800 405 1866 Μωυσῆς
434 1800 648 1868 ἤρχετο,
687 1799 776 1852 καὶ
808 1806 1041 1870 θαρρεῖν
1074 1801 1366 1868 παρεκάλει
1404 1809 1469 1870 τῇ
1510 1811 1609 1855 τοῦ
1648 1808 1789 1856 θεοῦ

27 1903 69 1933 ‘20
92 1889 258 1958 ψήφῳ
290 1891 730 1956 πεπιστευκότας,
770 1886 865 1958 ὑφ’
906 1885 968 1956 ἧς
1006 1890 1083 1951 είς
1121 1890 1222 1956 τὴν
1263 1888 1592 1959 ἐλευθερίαν
1631 1891 1789 1959 ἠρμέ-

92 1994 180 2026 νοι
227 1979 646 2044 κατανικήσειαν
696 1980 825 2039 τοὺς
871 1976 996 2046 περὶ
1043 1978 1210 2045 αὐτῆς
1258 1979 1335 2039 εἰς
1382 1978 1560 2047 μάχην
1602 1979 1789 2042 αὐτοῖς

91 2062 542 2132 καθισταμένους.
621 2067 764 2133 <45>
805 2065 1219 2134 ὑπολαμβάνειν
1261 2063 1321 2118 δὲ
1360 2068 1421 2119 τὸ
1463 2063 1563 2134 μὲν
1604 2068 1788 2121 αὐτῶν

93 2151 398 2221 στράτευμα
444 2150 587 2206 εἶναι
633 2157 775 2207 πολὺ
828 2153 917 2207 καὶ
957 2155 1179 2207 πάντων
1219 2153 1549 2224 ἀπροσδεές,
1601 2156 1787 2209 ὅπλων

92 2240 383 2308 χρημάτων
423 2249 647 2310 τροφῆς,
686 2252 796 2294 τῶν
829 2244 1012 2295 ἄλλων
1054 2238 1131 2295 ὧν
1169 2246 1462 2312 παρόντων
1504 2242 1561 2295 ἐκ
1600 2262 1788 2297 πεποι-

27 2343 68 2374 25
92 2329 309 2395 θήσεως
355 2334 692 2398 πολεμοῦσιν
739 2332 1055 2400 ἄνθρωποι,
1106 2335 1396 2401 κρίνοντας
1436 2330 1496 2383 ἐν
1536 2340 1598 2401 τῇ
1639 2335 1786 2402 παρὰ

93 2424 190 2469 τοῦ
228 2422 368 2470 θεοῦ
409 2422 687 2490 συμμαχία
726 2417 874 2472 ταῦτ’
921 2419 1106 2481 αὐτοῖς
1145 2430 1425 2489 παρεῖναι·
1474 2422 1535 2472 τὸ
1578 2417 1637 2472 δὲ
1677 2430 1788 2473 τῶν

94 2503 361 2558 ἐναντίων
416 2506 606 2574 ὀλίγον
661 2508 869 2560 ἄοπλον
926 2506 1190 2576 ἀσθενές,
1246 2501 1367 2560 οἷον
1419 2505 1509 2559 καὶ
1556 2510 1628 2576 μὴ
1679 2509 1786 2562 ὑπὸ

93 2594 377 2663 τοιούτων,
419 2595 556 2657 οἵοις
587 2595 772 2657 αὐτοῖς
806 2596 1066 2648 σύνοιδεν
1100 2592 1244 2664 οὖσι,
1284 2601 1548 2648 νικᾶσθαι
1588 2600 1787 2665 βουλο-

93 2678 262 2749 μένου
302 2691 400 2736 τοῦ
438 2689 594 2736 θεοῦ.
673 2685 816 2752 <46>
858 2682 1063 2736 εἰδέναι
1112 2683 1164 2737 δ’
1213 2678 1328 2746 οἷος
1369 2680 1529 2746 οὗτος
1569 2685 1786 2738 ἐπίκου-

27 2783 69 2814 2³0
94 2790 221 2839 ρος,
286 2770 343 2824 ἐκ
395 2775 617 2824 πολλῶν
671 2770 1104 2841 πεπειραμένους
1157 2770 1248 2824 καὶ
1305 2772 1631 2843 δεινοτέρων
1686 2782 1785 2827 τοῦ

212 2875 235 2924 ξ
269 2877 324 2915 43
352 2894 407 2908 =
431 2872 576 2916 Exod.
608 2873 736 2916 XVII
769 2879 807 2917 8.

1427 2948 1517 2991 10*
