2052 3141
845 49 1055 91 ΠΡΩΤΗ
1722 45 1792 97 65

107 185 369 254 πατρίδος
423 186 596 253 ἔρωτα
641 185 738 237 τὸν
783 186 952 250 θεόν,
999 181 1137 234 ἀλλὰ
1183 180 1273 234 καὶ
1319 189 1488 233 πᾶσιν
1537 180 1794 249 ἐμφῦσαι,

107 271 198 325 καὶ
229 273 360 341 μετὰ
392 280 659 325 τοσοῦτον
692 274 895 341 χρόνον
927 275 1104 333 καλῶς
1136 272 1279 340 ἔχειν
1320 269 1465 340 αὐτῷ
1507 272 1795 320 κατελθεῖν

109 362 186 423 είς
238 361 456 428 ταύτην.
535 360 716 427 <318>
759 356 922 428 εὑπὲρ
980 357 1040 411 δὲ
1087 366 1180 422 τῆς
1210 361 1372 420 ’λείας
1422 354 1486 425 ἧς
1525 356 1793 424 ἐγκαλεῖς’

108 451 305 518 φησίν,
346 447 579 500 εἀδικῶν
635 448 799 510 αὐτὸς
850 447 919 500 ἂν
971 447 1256 515 εὑρεθείης
1303 444 1384 499 ἐπ’
1430 447 1578 518 ἄλλω
1617 452 1795 514 κριτῇ·

65 552 85 584 5
108 533 245 606 ὑπὲρ
286 537 389 605 γὰρ
430 532 493 604 ἧς
532 535 695 605 ἐχρῆν
729 550 787 588 σε
820 536 979 605 χάριν
1011 535 1144 603 ἡμῖν
1184 537 1328 604 ἔχειν
1367 532 1457 586 καὶ
1496 535 1798 602 φυλαχθεί-

111 639 208 693 σης
245 621 339 693 ὑφ’
385 625 541 693 ἡμῶν
580 624 670 677 καὶ
708 627 963 685 πλείονος
993 621 1387 691 γεγενημένης,
1425 619 1562 691 ὑπὲρ
1602 621 1799 688 ταύτης

110 723 222 774 πῶς
261 713 328 766 οὐ
362 714 744 782 διαμαρτάνεις
775 723 885 765 τῶν
919 713 1147 764 δικαίων
1188 713 1533 780 χαλεπαίνων
1574 710 1713 778 ἐμοί,
1752 711 1802 761 εί

111 810 310 868 μοῖραν
350 800 517 867 αὐτῆς
556 801 750 869 ὀλίγην
791 803 1050 868 λαβόντες
1090 802 1308 868 ἔχομεν;
1349 797 1474 867 περὶ
1514 796 1699 867 μέντοι
1738 817 1798 864 γε

109 897 219 940 τῶν
259 886 613 957 θυγατέρων,
663 894 783 941 ἴσθι
830 890 902 956 μὴ
954 886 1068 940 κατ’
1125 888 1260 956 ἐμὴν
1311 890 1646 956 κακουργίαν
1702 886 1799 938 ἀπ-

52 992 92 1023 10
117 978 523 1044 αναστήσαντος
563 976 917 1044 ἀκολουθεῖν,
958 975 1095 1028 ἀλλὰ
1135 974 1249 1027 κατ’
1297 976 1521 1028 εὔνοιαν
1563 976 1800 1042 δικαίαν,

109 1064 179 1131 ἣν
205 1062 423 1131 γυναιξὶ
455 1073 710 1132 γαμεταῖς
732 1066 868 1133 πρὸς
902 1066 1031 1126 τοὺς
1063 1072 1459 1124 συνοικοῦντας
1491 1059 1633 1115 εἶναι
1666 1077 1800 1131 συμ-

111 1151 358 1221 βέβηκεν.
437 1152 659 1206 ἕπονται
705 1156 896 1206 τοίνυν
949 1152 1047 1222 οὐχ
1089 1153 1160 1214 ὡς
1201 1151 1321 1221 ἐμοὶ
1361 1160 1627 1205 τοσοῦτον
1668 1152 1801 1204 ὅσον

111 1250 225 1303 τοῖς
264 1240 454 1293 παισὶν
495 1240 746 1294 ἑαυτῶν.’
823 1242 1002 1309 <319>
1042 1240 1132 1293 καὶ
1179 1250 1348 1294 ταῦτα
1388 1238 1488 1309 μὲν
1527 1238 1664 1309 ὑπὲρ
1703 1249 1802 1293 τοῦ

114 1326 286 1397 μηδὲν
328 1329 540 1382 ἀδικεῖν
581 1329 744 1391 αὐτὸς
777 1332 946 1398 ἔλεγε,
986 1330 1374 1398 προσενεκάλει
1414 1327 1474 1381 δὲ
1515 1328 1605 1382 καὶ
1644 1349 1803 1397 κατη-

48 1432 89 1464 15
113 1421 308 1486 γοριάν
333 1417 586 1484 ἐποιεῖτο,
626 1418 708 1469 ὅτι
734 1420 934 1486 μητρὸς
967 1419 1044 1470 ὢν
1077 1418 1315 1487 ἀδελφὸς
1353 1426 1446 1485 τῆς
1485 1419 1675 1485 αὐτοῦ,
1713 1417 1803 1470 καὶ

114 1505 372 1569 συζεύξας
396 1506 547 1577 αὐτῷ
575 1507 668 1568 τὰς
690 1505 1017 1574 θυγατέρας,
1058 1505 1416 1574 ἐπιτάγμασιν
1450 1506 1804 1577 ἐκτρυχώσειε

113 1599 393 1663 χαλεποῖς,
442 1600 650 1647 εἴκοσιν
699 1594 835 1646 ἐτῶν
887 1593 1130 1662 ἀριθμὸν
1179 1594 1238 1647 ἐν
1279 1595 1464 1657 αὐτοῖς
1503 1597 1803 1664 κατασχών.

113 1681 204 1734 καὶ
242 1684 307 1734 τὰ
347 1680 447 1751 μὲν
480 1683 753 1752 προφάσει
785 1693 894 1734 τῶν
937 1684 1128 1751 γάμων
1168 1681 1260 1735 ὑπ’
1308 1683 1478 1737 αὐτοῦ
1517 1687 1804 1753 γενόμενα,

114 1773 306 1839 καίπερ
348 1773 481 1823 ὄντα
522 1771 754 1840 χαλεπά,
804 1773 1113 1839 κουφότερα
1161 1773 1389 1840 ἔφασκε,
1435 1776 1597 1841 χείρω
1640 1770 1701 1825 δὲ
1740 1774 1805 1825 τὰ

52 1874 94 1905 20
118 1859 250 1927 μετὰ
282 1862 410 1921 τοὺς
439 1860 667 1927 γάμους,
706 1857 795 1910 καὶ
829 1859 861 1910 ἅ
895 1879 974 1920 τις
1009 1858 1207 1927 ἐχθρὸς
1239 1862 1442 1927 ἔφυγεν
1482 1862 1565 1912 ἄν.
1623 1861 1804 1929 <320>

115 1945 205 1999 καὶ
258 1948 361 2015 γὰρ
418 1949 634 2017 σφόδρα
685 1948 1005 2015 κακούργως
1053 1948 1079 2000 ὁ
1122 1948 1379 2015 Λάβανος
1426 1948 1690 2018 ἐχρήσατο
1730 1958 1803 2021 τῷ

110 2032 364 2108 Ἰακώβῳ.
442 2036 589 2105 ὁρῶν
621 2037 725 2105 γὰρ
763 2035 908 2106 αὐτῷ
943 2038 1039 2088 τὸν
1072 2038 1210 2088 θεὸν
1242 2039 1377 2106 πρὸς
1408 2037 1437 2089 ὅ
1469 2057 1521 2089 τι
1553 2041 1804 2106 θελήσειε

117 2127 666 2193 συλλαμβανόμενον,
709 2124 1022 2192 ὑπισχνεῖτο
1055 2134 1164 2176 τῶν
1196 2124 1619 2194 τεχθησομένων
1660 2127 1803 2197 αὐτῷ

117 2211 370 2281 παρέξειν
411 2210 531 2265 ἔσθ’
580 2213 667 2264 ὅτε
707 2209 808 2280 μὲν
848 2212 877 2263 ὅ
918 2231 968 2263 τι
1022 2210 1112 2264 καὶ
1151 2211 1366 2280 γένοιτο
1407 2217 1632 2281 λευκόν,
1678 2213 1807 2268 ποτε

51 2313 93 2345 25
120 2297 170 2351 δ’
217 2296 286 2352 αὗ
326 2302 390 2353 τὰ
424 2300 630 2369 μέλανα
661 2310 770 2352 τῶν
804 2300 1189 2368 γεννωμένων·
1231 2302 1412 2369 <321>
1437 2306 1807 2370 πληθυόντων

121 2385 180 2440 δὲ
219 2398 329 2440 τῶν
370 2387 450 2440 ἐπ’
498 2389 726 2457 ὀνόματι
764 2396 837 2459 τῷ
875 2386 1136 2456 Ἰακώβου
1175 2388 1530 2459 τικτομένων,
1568 2393 1668 2458 τὴν
1708 2389 1807 2459 μὲν

119 2478 196 2538 εἰς
227 2478 287 2529 τὸ
320 2478 497 2545 παρὸν
531 2477 632 2529 οὐκ
665 2476 928 2545 ἐφύλαττε
961 2480 1165 2545 πίστιν,
1204 2480 1281 2539 εἰς
1314 2480 1430 2540 ἔτος
1464 2476 1523 2531 δὲ
1555 2479 1808 2548 παρέξειν

122 2563 479 2632 ἐπηγγέλλετο
526 2567 587 2618 τὸ
637 2563 781 2633 ἑξῆς,
831 2565 923 2616 διὰ
962 2567 1022 2617 τὸ
1066 2565 1453 2634 ἐποφθαλμιᾶν
1493 2575 1566 2638 τῷ
1607 2571 1808 2636 πλήθει

120 2659 214 2720 τῆς
254 2655 517 2721 κτήσεως,
565 2652 1032 2721 ἐπαγγελλόμενος
1072 2651 1172 2722 μὲν
1213 2655 1304 2706 διὰ
1344 2657 1403 2707 τὸ
1445 2654 1808 2710 δυσέλπιστον

55 2755 97 2785 30
121 2739 383 2807 γενέσθαι
407 2749 664 2808 τοσαῦτα,
695 2743 1037 2809 ψευδόμενος
1062 2739 1110 2793 δ’
1144 2740 1230 2793 ἐπὶ
1257 2742 1585 2810 γενομένοις.
1627 2746 1806 2812 <322>
1843 2761 1896 2800 11

240 2845 264 2893 ξ
299 2847 384 2885 318
412 2864 466 2878 =
493 2841 606 2885 Gen.
639 2842 788 2885 XXXI
820 2847 888 2886 31.
1013 2846 1036 2894 ξ
1070 2847 1154 2885 320
1181 2864 1235 2878 =
1262 2842 1372 2887 Gen.
1408 2843 1534 2886 XXX
1567 2850 1636 2889 27.

209 2923 418 2956 Iesu-nus.
453 2925 483 2956 Ι.
1517 2922 1542 2960 5
