2052 3141
821 75 1001 115 TPITH
1652 69 1757 121 193

65 221 175 265 τῶν
224 208 325 280 μὲν
369 218 593 276 καρπῶν
639 208 957 271 πλεονάζειν
1004 203 1351 275 εὑρεθέντων
1401 201 1759 274 προσδέχεται

66 303 163 353 τὸν
203 299 375 369 ἀγρὸν
409 299 438 352 ὁ
471 298 830 366 ἀποδόμενος,
870 304 968 349 τοῦ
1001 293 1054 348 δ’
1095 294 1450 363 ἀναλώματος
1487 294 1761 362 ὑπερβάλ-

67 394 285 456 λοντος,
324 384 461 455 ὑπὲρ
503 395 602 440 τοῦ
642 389 925 447 λείποντος
964 384 1287 453 καταβαλὼν
1327 386 1386 436 τὸ
1430 382 1760 450 ἱκνούμενον

68 476 338 541 ἐξίσταται
376 482 470 543 τῆς
501 477 759 543 κτήσεως·
803 478 936 525 ἴσων
972 470 1031 525 δὲ
1072 469 1610 540 συναριθμουμένων
1649 479 1760 522 τῶν

21 580 43 611 5
67 585 122 617 τε
162 574 387 633 καρπῶν
433 561 524 615 καὶ
574 572 683 614 τῶν
724 561 1124 630 ἀναλωμάτων,
1173 559 1479 612 ἀποδίδωσι
1519 568 1632 621 τοῖς
1670 556 1762 610 καὶ

67 655 337 722 πρότερον
376 656 680 719 νεμηθεῖσι.
747 650 927 717 (285)
961 649 1124 702 ταύτὸ
1168 645 1228 701 δὲ
1268 647 1359 700 καὶ
1399 645 1486 700 ε’πὶ
1526 657 1642 709 ταῖς
1683 649 1760 700 οἰ-

68 744 210 802 κίαις
239 743 476 808 νόμιμον
512 739 721 808 ἰσχύειν
754 736 991 806 ἠθέλησε
1024 746 1141 799 ταῖς
1172 737 1305 788 κατὰ
1338 737 1521 804 κώμας
1558 753 1763 803 πεπρα-

69 827 284 897 μέναις·
332 826 457 896 περὶ
497 828 600 896 γὰρ
641 835 750 879 τῶν
793 826 852 879 ἐν
892 834 954 895 τῇ
995 828 1151 879 πόλει
1191 823 1554 893 πεπραμένων
1595 826 1763 890 ἔγνω-

68 937 164 969 κεν
221 914 430 984 ἑτέρως.
508 917 559 967 εί
610 912 711 983 μὲν
767 915 870 982 γὰρ
926 916 1031 983 πρὸ
1088 921 1187 966 τοῦ
1250 918 1610 980 τελειωθῆναι
1665 914 1763 965 τὸν

5 1021 46 1052 10
71 1005 327 1058 ἐνιαυτὸν
367 1004 664 1072 καταβάλοι
704 1002 1033 1071 τάργύριον,
1075 1001 1362 1069 ἀναγκάζει
1401 1003 1497 1053 τὸν
1537 1001 1764 1069 πριάμε-

70 1114 172 1146 νον
212 1093 539 1146 ἀποδοῦναι·
582 1094 633 1144 εἰ
672 1089 732 1144 δὲ
770 1096 971 1159 πλῆρες
1010 1089 1224 1158 γένοιτο
1266 1091 1325 1142 τὸ
1368 1091 1509 1157 ἔτος,
1549 1092 1770 1157 βεβαιοῖ

71 1183 172 1250 τὴν
211 1189 404 1250 κτῆσιν
441 1189 514 1252 τῷ
549 1179 846 1251 πριαμένῳ.
926 1181 1108 1247 (286)
1140 1179 1345 1246 ταύτην
1377 1181 1627 1245 Μωυσῆς
1665 1177 1766 1245 τὴν

74 1269 321 1333 διάταξιν
360 1279 469 1322 τῶν
509 1272 725 1337 νόμων,
779 1263 867 1321 ὅθ’
912 1268 1019 1321 ὑπὸ
1061 1270 1120 1320 τὸ
1163 1272 1399 1319 Σιναῖον
1440 1266 1767 1334 καθιδρύκει

72 1359 172 1426 τὴν
208 1356 753 1427 στρατιάν,,ἐξέμαθε
787 1358 932 1423 παρὰ
965 1365 1062 1409 τοῦ
1095 1361 1253 1423 θεοῦ,
1286 1354 1376 1407 καὶ
1408 1364 1521 1416 τοῖς
1552 1353 1768 1423 (Εβραί-

8 1461 49 1493 15
75 1467 155 1508 οις
194 1444 575 1514 γεγραμμένην
615 1446 1008 1514 παραδίδωσιν.

187 1534 365 1601 <287>
401 1533 586 1601 ἐπειδὴ
627 1530 688 1585 δὲ
720 1537 897 1594 καλῶς
936 1533 1082 1603 αὐτῷ
1124 1533 1188 1583 τὰ
1227 1529 1351 1599 περὶ
1390 1532 1491 1599 τὴν
1530 1536 1768 1599 νομοθε-

77 1626 202 1675 σίαν
243 1624 387 1691 ἔχειν
428 1621 632 1689 ἐδόκει,
680 1624 815 1689 πρὸς
855 1619 1097 1684 ἐξέτασιν
1137 1628 1235 1673 τοῦ
1277 1628 1511 1687 στρατοῦ
1551 1621 1611 1672 τὸ
1653 1623 1767 1672 λοι-

76 1712 182 1762 πὸν
239 1709 475 1778 ἐτράπη,
537 1719 646 1762 τῶν
710 1714 1021 1778 πολεμικῶν
1082 1710 1187 1776 ἤδη
1244 1709 1378 1760 κατὰ
1433 1715 1572 1761 νοῦν
1628 1709 1768 1776 ἔχων

78 1799 362 1850 ἅπτεσθαι.
439 1798 760 1868 προστάττει
817 1795 877 1850 δὲ
931 1808 1044 1860 τοῖς
1097 1797 1430 1866 φυλάρχοις,
1478 1798 1622 1864 πλὴν
1678 1803 1771 1863 τῆς

11 1904 54 1935 20
78 1888 368 1948 Λευίτιδος
407 1890 609 1955 φυλῆς,
662 1886 898 1955 ἀκριβῶς
936 1888 1031 1939 τὸν
1073 1885 1316 1953 ἀριθμὸν
1357 1884 1621 1954 ἐκμαθεῖν
1661 1894 1771 1936 τῶν

79 1976 474 2042 στρατεύεσθαι
522 1973 871 2043 δυναμένων·
922 1973 1059 2044 ἱεροὶ
1108 1975 1210 2042 γὰρ
1260 1971 1401 2041 ἦσαν
1450 1974 1506 2026 οἱ
1542 1976 1771 2025 Λευῖται

76 2062 168 2115 καὶ
214 2063 435 2116 πάντων
483 2062 703 2125 ἀτελεῖς.
783 2064 964 2131 (288)
1006 2061 1305 2130 γενομένης
1352 2059 1412 2113 δὲ
1463 2068 1556 2128 τῆς
1597 2060 1772 2124 ἐξετά-

80 2165 216 2214 σεως
274 2150 587 2221 εὑρέθησαν
650 2151 911 2220 μυριάδες
965 2149 1226 2219 ἑξήκοντα
1291 2159 1400 2202 τῶν
1463 2150 1772 2202 ὁπλιτεύειν

82 2238 441 2308 δυναμένων,
495 2249 604 2292 τῶν
658 2237 747 2291 ἀπ’
803 2245 1011 2292 εἴκοσιν
1068 2239 1204 2292 ἐτῶν
1261 2238 1361 2300 ἕως
1415 2240 1773 2305 πεντήκοντα,

16 2343 58 2375 25
81 2327 172 2380 καὶ
219 2331 508 2397 τρισχίλιοι
557 2329 694 2397 πρὸς
742 2326 1042 2391 ἑξακοσίοις
1088 2326 1177 2380 καὶ
1217 2330 1569 2394 πεντήκοντα.
1649 2324 1771 2377 ἀντὶ

84 2414 145 2469 δὲ
184 2414 324 2468 Λευὶ
363 2414 644 2478 κατέλεξεν
685 2417 761 2477 είς
800 2418 928 2478 τοὺς
966 2416 1282 2484 φυλάρχους
1321 2417 1634 2481 ἑΜανασσῆν
1675 2416 1772 2466 τὸν

78 2501 345 2572 Ἰωσήπου
385 2505 555 2556 παῖδα
594 2502 685 2556 καὶ
720 2501 1023 2573 Ἐφραίμην
1056 2502 1178 2556 ἀντὶ
1217 2512 1314 2557 τοῦ
1349 2501 1633 2571 Ἰωσήπου.
1686 2500 1773 2555 δέ-

83 2606 205 2660 ησις
263 2589 312 2643 δ’
370 2588 439 2659 ἦν
495 2591 629 2659 αὕτη
676 2588 938 2659 Ἰακώβου
996 2593 1133 2659 πρὸς
1188 2588 1454 2658 Ἰώσηπον
1512 2593 1773 2659 ποιητοὺς

86 2681 232 2752 αὐτῷ
275 2689 578 2749 παρασχεῖν
617 2682 746 2742 τοὺς
784 2681 1009 2747 παῖδας,
1049 2680 1122 2741 ὡς
1160 2678 1252 2731 καὶ
1290 2688 1572 2747 προεῖπον.

20 2784 64 2814 30
199 2770 378 2836 (289)
419 2770 724 2837 πηγνύντες
765 2766 825 2821 δὲ
864 2770 964 2837 τὴν
1005 2769 1213 2835 σκηνὴν
1253 2766 1424 2836 μέσην
1464 2766 1775 2836 ἀπελάμβα-
1809 2782 1828 2818 ἴ

207 2874 231 2923 ξ
265 2874 352 2913 284
375 2891 430 2906 =
455 2869 601 2914 Levit.
634 2869 761 2912 XXV
797 2874 863 2913 14.
987 2874 1010 2921 g
1043 2872 1277 2912 287—289
1305 2890 1359 2905 =
1385 2868 1521 2912 Num.
1555 2869 1714 2912 Ι-ΠΙ,

177 2952 388 2984 ΙοεΕΡΗῑῑε.
411 2952 440 2983 I.
1455 2949 1507 2986 13
