2052 3141
845 80 1109 121 HEMHTH
1712 77 1818 129 323

135 219 388 281 παρῆσαν
420 210 508 264 ἐπὶ
532 213 631 280 τὴν
655 210 857 282 πέτραν
888 215 1207 282 τρισχιλίοις
1240 213 1502 281 ὁπλίταις,
1540 210 1629 265 καὶ
1662 232 1820 264 κατα-

136 300 478 369 μεμψάμενοι
509 310 619 353 τῶν
652 303 728 363 εἰς
759 304 1166 363 Παλαιστινοὺς
1199 301 1343 373 αὐτῷ
1385 299 1820 370 τετολμημένων,

137 388 342 457 ἄνδρας
381 389 578 441 ἅπαντι
618 396 690 460 τῷ
733 388 877 456 γένει
918 399 1026 442 τῶν
1058 388 1328 459 “Εβραίων
1370 391 1661 460 συμφορὰν
1703 389 1821 442 ἐπε-

136 486 350 544 νεγκεῖν
402 475 778 545 δυναμένους,
832 479 985 546 ήκειν
1040 498 1095 530 τε
1153 476 1404 545 λέγοντες
1459 479 1602 541 ὅπως
1652 478 1819 530 αὐτὸν

91 577 111 609 5
137 567 396 634 λαβόντες
426 565 745 635 ὑποχείριον
778 567 948 618 δῶσιν
982 565 1184 634 αὐτοῖς,
1217 565 1409 634 ἠξίουν
1443 564 1622 619 ἑκοντὶ
1656 563 1813 618 τοῦθ’

135 651 445 722 ὑπομένειν.
526 655 706 722 <299>
741 654 769 706 ὃ
804 651 862 706 δὲ
897 655 1081 723 λαβὼν
1115 654 1313 723 ὅρκους
1344 653 1468 724 παρ’
1502 655 1683 707 αὐτῶν
1723 675 1821 722 μη-

137 738 233 794 δὲν
281 743 492 795 τούτων
542 744 794 810 ποιήσειν
840 746 1218 813 περιττότερον
1259 743 1396 796 ἀλλὰ
1448 752 1562 805 τοῖς
1601 743 1823 813 ἐχθροῖς

137 829 425 900 ἐγχειριεῖν
472 833 676 900 μόνον,
727 832 963 899 καταβὰς
1010 830 1068 883 ἐκ
1115 839 1208 900 τῆς
1256 830 1453 901 πέτρας
1509 830 1705 884 ἑαυτὸν
1761 831 1821 883 ἐν

134 926 198 987 τῇ
245 928 356 971 τῶν
402 923 654 987 φυλετῶν
695 922 918 987 τίθησιν
970 918 1218 991 ἐξουσία,
1269 919 1511 972 κάκεῖνοι
1560 922 1823 988 δήσαντες

70 1018 111 1049 10
136 1006 305 1059 αὐτὸν
353 1005 481 1058 δυσὶ
526 1009 819 1069 καλωδίοις
864 1004 1003 1075 ἦγον
1049 1009 1396 1077 παραδοῦναι
1448 1017 1562 1070 τοῖς
1613 1012 1822 1059 Παλαι-

136 1103 354 1157 στινοῖς.
433 1095 611 1162 <300>
650 1094 740 1147 καὶ
772 1094 1086 1165 γενομένων
1126 1096 1259 1148 κατά
1300 1116 1349 1148 τι
1389 1099 1593 1166 χωρίον
1627 1096 1655 1148 ὃ
1689 1101 1823 1149 Σια-

134 1184 248 1251 γὼν
287 1187 528 1236 καλεῖται
559 1191 665 1235 νῦν
700 1184 790 1235 διὰ
822 1185 922 1252 τὴν
955 1188 1267 1252 Σαμψῶνος
1307 1184 1692 1253 ἀνδραγαθίαν
1735 1182 1815 1237 ἐπ’

135 1272 280 1344 αὐτῷ
323 1269 645 1340 γενομένην,
685 1272 851 1324 πάλαι
893 1269 942 1324 δ’
988 1269 1058 1340 ἦν
1098 1272 1413 1340 ἀνώνυμον,
1455 1273 1556 1325 οὐκ
1596 1274 1821 1325 ἄπωθεν

136 1359 709 1430 ἐστρατοπεδευκότων
757 1369 867 1413 τῶν
907 1365 1324 1429 Παλαιστινῶν,
1371 1358 1489 1413 ἀλλ’
1537 1361 1822 1414 ὑπαντών-

68 1458 110 1491 15
134 1469 245 1501 των
293 1449 423 1517 μετὰ
469 1456 639 1518 χαρᾶς
684 1447 774 1501 καὶ
822 1453 953 1518 βοῆς
1002 1450 1072 1511 ὡς
1120 1447 1206 1502 ἐπὶ
1246 1448 1702 1519 κατωρθωμένοις
1741 1443 1823 1512 οἷς

136 1536 452 1605 ἐβούλοντο,
494 1537 787 1607 διαρρήξας
825 1539 889 1589 τὰ
931 1539 1103 1606 δεσμὰ
1136 1539 1406 1606 Σαμψών,
1439 1537 1822 1608 ἁρπασάμενος

135 1627 270 1678 ὄνου
312 1629 541 1693 σιαγόνα
587 1627 733 1695 παρὰ
784 1624 948 1678 ποσὶν
991 1622 1195 1694 οὖσαν,
1246 1628 1323 1689 εἰς
1362 1628 1489 1688 τοὺς
1527 1629 1822 1695 πολεμίους

135 1714 332 1780 ὤσατο,
364 1711 453 1765 καὶ
484 1716 663 1766 παίων
688 1714 888 1776 αὐτοὺς
918 1722 981 1783 τῇ
1009 1717 1225 1783 σιαγόνι
1256 1717 1453 1767 κτείνει
1486 1716 1562 1776 εἰς
1593 1717 1822 1784 χιλίους,

133 1803 261 1864 τοὺς
301 1799 356 1853 δ’
402 1803 603 1864 ἄλλους
642 1801 889 1871 τρέπεται
929 1802 1315 1873 ταραχθέντας.

66 1899 110 1930 20
246 1890 424 1958 <301>
450 1892 702 1959 Σαμψὼν
736 1889 796 1943 δὲ
830 1895 1013 1960 μεῖζον
1046 1892 1078 1960 ἢ
1111 1894 1213 1961 χρὴ
1248 1890 1334 1944 ἐπὶ
1367 1893 1541 1964 τούτῳ
1574 1902 1820 1961 φρονῶν,

133 1979 199 2031 οὐ
232 1979 366 2032 κατὰ
397 1984 537 2032 θεοῦ
570 1983 867 2050 συνεργίαν
901 1982 1050 2048 ἔλεγε
1084 1988 1244 2033 τοῦτο
1287 1982 1583 2048 συμβῆναι,
1621 1981 1721 2048 τὴν
1764 1977 1812 2032 δ’

134 2067 282 2119 ἰδίαν
316 2066 514 2136 ἀρετὴν
548 2065 816 2137 ἐπέγραψε
849 2075 923 2139 τῷ
960 2071 1229 2136 γεγονότι,
1271 2071 1488 2136 σιαγόνι
1521 2078 1630 2120 τῶν
1661 2073 1820 2121 πολε-

133 2157 273 2223 μίων
312 2157 440 2216 τοὺς
477 2152 578 2223 μὲν
609 2164 796 2207 πεσεῖν
828 2159 957 2218 τοὺς
996 2154 1045 2208 δ’
1078 2158 1154 2219 εἰς
1192 2157 1377 2225 φυγὴν
1417 2163 1687 2225 τραπῆναι
1728 2158 1820 2209 διὰ

131 2250 230 2295 τοῦ
268 2239 394 2311 παρ’
434 2242 605 2295 αὐτοῦ
647 2242 806 2305 δέους
841 2243 1041 2313 αὐχῶν.
1119 2245 1298 2312 <302>
1333 2246 1529 2308 δίψους
1561 2242 1610 2296 δ’
1651 2245 1819 2299 αὐτὸν

66 2336 109 2369 25
135 2332 364 2400 ἰσχυροῦ
414 2333 811 2400 κατασχόντος,
864 2342 1148 2385 κατανοῶν
1196 2334 1268 2395 ὡς
1315 2330 1482 2386 οὐδέν
1534 2331 1683 2386 ἐστιν
1723 2332 1819 2385 ἀν-

130 2420 407 2488 θρώπειος
454 2417 647 2488 ἀρετή,
697 2427 770 2491 τςό
818 2425 933 2491 θεῷ
982 2421 1158 2473 πάντα
1205 2422 1673 2491 προσεμαρτύρει,
1727 2420 1819 2473 καὶ

131 2505 448 2560 καθικέτευε
488 2504 661 2575 μηδὲν
701 2517 811 2560 τῶν
851 2507 1153 2577 εἰρημένων
1192 2511 1327 2578 πρὸς
1367 2509 1539 2578 ὀργὴν
1579 2512 1818 2578 λαβόντα

131 2604 244 2657 τοῖς
298 2597 578 2663 πολεμιόις
632 2595 801 2648 αὐτὸν
857 2595 1179 2666 ἐγχειρίσαι,
1232 2607 1533 2666 παρασχεῖν
1581 2594 1642 2650 δὲ
1689 2601 1819 2667 βοή-

129 2688 293 2735 θειαν
325 2684 460 2751 πρὸς
491 2685 551 2736 τὸ
587 2685 773 2737 δεινὸν
804 2683 895 2737 καὶ
935 2685 1213 2755 ῥύσασθαι
1252 2694 1350 2738 τοῦ
1389 2694 1574 2739 κακοῦ.
1637 2686 1817 2755 <303>

62 2784 106 2817 30
129 2773 264 2841 πρὸς
304 2767 406 2824 οὗν
445 2771 538 2833 τὰς
579 2772 803 2835 ἱκετείας
841 2771 1190 2836 ἐπικλασθεὶς
1232 2774 1259 2827 ὁ
1291 2776 1423 2836 θεὸς
1461 2775 1642 2843 πηγὴν
1682 2774 1817 2827 κατά

253 2876 276 2925 ξ
309 2876 394 2915 298
423 2894 474 2908 =
503 2871 646 2917 Iudic.
680 2872 764 2916 XV
800 2879 866 2916 11.

1461 2948 1549 2992 21*
