2052 3141
821 45 1096 85 AETTEPA
1737 43 1804 95 79

118 183 254 250 πρὸς
298 181 395 233 τὸν
442 182 647 249 τρόπον
694 177 988 247 ἀφορώσης
1035 180 1131 231 τὸν
1179 176 1269 230 καὶ
1317 179 1462 247 παρὰ
1509 179 1609 246 τὴν
1651 197 1807 246 μετα-

119 270 292 337 βολὴν
323 267 728 337 παραμένοντα,
767 287 866 335 την
899 263 943 319 τ’
984 266 1284 335 ἐπιθυμίαν
1319 268 1464 338 αὐτῷ
1505 266 1808 334 ποιησάσης

118 364 400 425 καταφανῆ
441 354 532 408 καὶ
564 357 762 422 λόγους
798 355 1241 423 προσφερούσης
1255 353 1378 424 περὶ
1420 353 1632 422 μίξεως,
1672 372 1806 423 παρ-

116 443 314 512 έπεμπε
362 444 463 511 τὴν
509 442 767 511 ἀξίωσιν,
819 442 885 495 οὐ
931 445 1121 512 κρίνας
1169 442 1325 495 ὅσιον
1365 439 1505 495 εἶναι
1545 443 1804 510 τοιαύτην

72 549 91 580 5
117 531 252 601 αὐτῇ
294 533 491 584 δοῦναι
537 531 698 600 χάριν
747 530 806 582 ἐν
848 525 880 600 ξ]
919 537 1018 583 τοῦ
1058 531 1361 599 πριαμένου
1409 530 1499 583 και
1538 532 1805 598 τοσαύτης

113 619 407 687 ἠξιωκότος
455 628 610 688 τιμῆς
660 619 879 671 ἀδικίαν
928 618 1255 687 συνέβαινεν
1302 616 1443 672 εἶναι
1490 618 1580 671 καὶ
1619 619 1803 688 ὕβριν,

114 707 251 761 ἀλλὰ
290 718 509 778 κρατεῖν
548 728 604 760 τε
643 716 742 761 τοῦ
782 708 1000 769 πάθους
1039 707 1297 776 κάκείνην
1335 709 1655 777 παρεκάλει,
1702 708 1802 775 τὴν

112 796 427 864 ἀπόγνωσιν
473 805 571 849 τοῦ
618 796 907 859 τεύξεσθαι
955 804 1047 863 τῆς
1098 795 1391 864 ἐπιθυμίας
1429 799 1802 865 προβαλλόμε-

110 901 226 947 νος·
268 884 412 952 <43>
445 887 814 953 σταλήσεσθαι
848 886 950 954 γάρ
987 887 1086 950 [τε]
1122 885 1255 953 αὐτῇ
1290 892 1450 937 τοῦτο
1484 886 1555 952 μὴ
1597 885 1801 953 παρού-

44 989 86 1020 10
112 986 210 1040 σης
242 971 482 1034 ἐλπίδος·
524 972 689 1035 αὐτός
720 992 776 1024 τε
808 973 985 1024 πάντα
1025 976 1236 1040 μᾶλλον
1276 972 1573 1040 ὑπομενεῖν
1614 974 1800 1038 ἔλεγεν

110 1059 142 1128 ἢ
196 1062 333 1130 πρὸς
377 1068 538 1114 τοῦτο
586 1064 1151 1129 καταπεισθήσεσθαι’
1200 1060 1290 1113 καὶ
1346 1062 1449 1130 γὰρ
1499 1062 1548 1112 εί
1593 1068 1656 1129 τῇ
1714 1062 1800 1112 δε-

110 1152 309 1219 σποίνῃ
344 1151 548 1202 δοῦλον
583 1152 714 1202 ὄντα
748 1151 835 1202 δεῖ
871 1160 1051 1202 ποιεῖν
1085 1146 1258 1218 μηδὲν
1293 1149 1566 1217 ἐναντιόν,
1606 1150 1637 1217 «ἡ
1664 1152 1800 1219 πρὸς

108 1237 172 1288 τὰ
219 1245 443 1290 τοιαῦτα
498 1247 607 1290 τῶν
657 1238 1090 1307 προσταγμάτων
1141 1237 1423 1305 ἀντιλογία
1469 1239 1681 1305 πολλὴν
1730 1237 1798 1290 ἂν

108 1327 223 1395 ἔχοι
254 1329 596 1396 παραίτησιν.
677 1327 819 1393 <44>
853 1334 945 1394 τῆς
979 1323 1028 1378 δ’
1073 1328 1149 1378 ε”τι
1182 1330 1392 1394 μᾶλλον
1426 1324 1659 1378 ἐπέτεινε
1701 1328 1797 1379 τὸν

46 1429 88 1461 15
113 1416 288 1483 ε”ρωτα
326 1416 386 1467 τὸ
428 1416 500 1483 μὴ
540 1415 902 1484 προσδοκώσῃ
936 1416 1031 1467 τὸν
1067 1412 1333 1483 Ἰώσηπον
1373 1413 1668 1484 ἀντίσχειν,
1708 1414 1797 1467 καὶ

107 1504 301 1564 δεινῶς
346 1503 453 1560 ὑπὸ
504 1512 603 1556 τοῦ
654 1510 824 1556 κακοῦ
875 1502 1312 1571 πολιορκουμένη
1364 1503 1592 1574 δευτέρᾳ
1631 1504 1796 1555 πάλιν

103 1594 265 1662 πείρᾳ
303 1591 680 1661 προύθυμεῖτο
720 1592 1177 1660 κατεργάσασθαι.

217 1680 360 1747 <45>
403 1682 736 1748 δημοτελοῦς
768 1676 869 1733 οὖν
904 1679 1090 1750 ἑορτῆς
1124 1680 1403 1750 ἐνστάσης,
1443 1679 1570 1733 καθ’
1616 1681 1685 1749 ἣν
1719 1684 1795 1744 εἰς

105 1768 204 1835 τὴν
244 1770 556 1838 πανήγυριν
595 1767 686 1821 ’καὶ
741 1767 958 1836 γυναιξὶ
998 1777 1196 1837 φοιτᾶν
1236 1772 1473 1838 νόμιμον
1514 1768 1616 1838 ἦν,
1669 1774 1796 1840 σκή-

37 1871 79 1902 20
103 1873 289 1907 πτεται
327 1859 497 1910 νόσον
537 1859 673 1926 πρὸς
710 1859 807 1910 τὸν
847 1859 1042 1926 ἄνδρα,
1081 1856 1378 1926 θηρωμένη
1421 1861 1665 1926 μόνωσιν
1705 1859 1795 1912 καὶ

103 1946 307 2014 σχολὴν
347 1947 423 2007 εἰς
461 1947 521 1998 τὸ
563 1947 833 2014 δεηθῆναι
874 1953 971 1999 τοῦ
1007 1943 1289 2014 Ἰωσήπου.
1366 1946 1455 1999 καὶ
1497 1947 1795 2016 γενομένης

101 2033 236 2102 αὐτῇ
269 2035 466 2102 ταύτης
499 2033 921 2104 λιπαρεστέρους
954 2037 1031 2087 ἔτι
1055 2045 1165 2087 τῶν
1189 2037 1422 2105 πρώτων
1454 2036 1598 2108 αὐτῷ
1627 2051 1794 2105 προσ-

99 2120 364 2189 ηνέγκατο
420 2125 654 2192 λόγους,
723 2123 868 2192 <46>
925 2124 997 2185 ὡς
1051 2129 1227 2186 καλῶς
1281 2121 1381 2192 μὲν
1436 2121 1580 2194 εἶχεν
1645 2126 1789 2196 αὐτῷ

103 2211 235 2277 μετὰ
267 2213 367 2279 τὴν
401 2210 453 2274 ἐξ
489 2211 656 2281 ἀρχῆς
687 2210 877 2281 δέησιν
910 2209 1045 2275 εἶξαι
1078 2211 1169 2264 καὶ
1202 2210 1374 2281 μηδὲν
1415 2211 1791 2283 ἀντειρηκέναι

36 2311 77 2343 25
102 2297 237 2349 κατά
276 2317 331 2349 τε
371 2300 470 2366 τὴν
509 2306 603 2366 τῆς
641 2301 1062 2369 παρακαλούσης
1111 2300 1381 2369 ἐντροπὴν
1421 2300 1510 2353 καὶ
1551 2304 1651 2370 τὴν
1691 2310 1789 2355 τοῦ

99 2385 316 2448 πάθους
366 2386 713 2456 ὑπερβολήν,
767 2385 863 2456 ὑφ’
919 2385 985 2441 οὗ
1033 2392 1290 2458 βιασθείη
1341 2388 1603 2443 δέσποινα
1651 2387 1790 2443 οὖσα

97 2481 196 2526 τοῦ
235 2470 351 2526 κατ’
390 2475 562 2543 αὐτὴν
602 2475 902 2544 ἀξιώματος
941 2476 1294 2547 ταπεινοτέρα
1333 2477 1613 2547 γενέσθαι,
1653 2500 1789 2549 φρο-

97 2564 254 2631 νήσει
287 2560 348 2614 δὲ
379 2561 469 2615 καὶ
499 2571 606 2615 νῦν
645 2565 873 2632 ἄμεινον
907 2564 1104 2628 ἐνδοὺς
1142 2565 1234 2619 καὶ
1273 2569 1333 2620 τὸ
1376 2566 1461 2619 ἐπὶ
1501 2577 1614 2629 τοῖς
1653 2585 1788 2638 παρ-

97 2654 364 2703 ελθοῦσιν
410 2652 671 2720 ἄγνωμον
720 2654 1101 2722 διορθώσεται.
1180 2656 1321 2722 <47>
1363 2660 1469 2708 εἴτε
1518 2656 1621 2725 γὰρ
1664 2658 1788 2708 δευ-

31 2751 74 2783 30
98 2737 260 2807 τέραν
315 2737 505 2808 δέησιν
561 2739 864 2809 ἐξεδέχετο,
919 2743 1123 2810 ταύτην
1177 2742 1465 2810 γεγονέναι
1515 2743 1604 2796 καὶ
1655 2746 1787 2813 μετὰ

221 2844 244 2892 ξ
276 2845 332 2883 42
360 2862 414 2876 τε
440 2839 551 2884 Gen.
586 2841 777 2884 XXXIX
811 2846 850 2884 8.
