2052 3141
117 588 137 620 5

97 1029 139 1061 10

99 1471 140 1502 15

875 89 1149 130 TETAPTH
1744 84 1853 137 265

163 222 298 275 κατὰ
340 221 610 290 βούλησιν
648 220 914 274 ἀπελθεῖν
958 220 1103 293 αὐτῷ
1138 222 1237 289 τὴν
1278 222 1426 274 ἰδίαν
1460 219 1692 290 ἐφεῖναι,
1731 239 1854 272 κατ-

164 309 388 380 έχουσιν
440 309 642 373 αὑτοὺς
688 309 748 362 ἐν
804 309 1062 378 ἀλλήλοις
1118 311 1464 379 δακρύοντες.
1543 311 1683 377 μόνη
1727 305 1775 359 δ’
1822 307 1854 375 ἡ

167 400 428 466 γερουσία
466 399 826 468 προύπεμψεν
875 398 1043 451 αὐτὸν
1094 396 1184 451 καὶ
1226 399 1253 459 ὁ
1296 398 1579 467 ἀρχιερεὺς
1612 394 1856 459 Ἐλεάζα-

163 506 257 555 ρος
310 483 401 538 καὶ
452 487 480 540 ὁ
532 489 832 556 στρατηγὸς
881 484 1105 555 Ἰησοῦς.
1184 487 1365 555 <325>
1420 487 1492 549 ὡς
1539 484 1585 538 δ’
1643 483 1729 538 ἐπὶ
1779 491 1854 556 τῷ

163 577 278 643 ὄρει
318 581 391 646 τῷ
426 572 650 643 Ἀβαρεῖ
683 571 1006 646 καλουμένῳ
1047 571 1265 641 ἐγένετο
1314 571 1500 644 (τοῦτο
1543 570 1591 624 δ’
1638 572 1857 640 ὑψηλὸν

154 661 515 733 Ἱεριχοῦντος
547 664 875 728 καταντικρὺ
908 671 1098 730 κεῖται,
1139 670 1244 730 γῆν
1278 661 1505 731 ἀρίστην
1539 671 1648 713 τῶν
1676 663 1858 712 Χανα-

161 755 335 804 ναίων
367 749 457 803 καὶ
488 753 747 819 πλείστην
787 747 1029 819 παρέχον
1070 760 1182 812 τοῖς
1224 749 1303 803 ἐπ’
1354 751 1523 803 αὐτοῦ
1564 748 1857 802 κατοπτεύ-

162 838 290 910 ειν),
329 836 605 907 ἀπέπεμπε
638 840 738 907 τὴν
771 841 1082 907 γερουσίαν.
1161 839 1342 906 <326>
1377 834 1758 906 ἀσπαζομένου
1800 833 1860 888 δὲ

161 926 251 980 καὶ
297 929 394 980 τὸν
429 925 752 995 Ἐλεάζαρον
805 925 1115 979 αὐτοῦκκαὶ
1163 925 1414 995 Ἰησοῦν,
1465 924 1555 978 καὶ
1596 939 1862 995 προσομι-

163 1020 395 1078 λοῦντος
419 1015 605 1077 αὐτοῖς
631 1017 727 1083 ἔτι,
766 1012 974 1084 νέφους
1006 1016 1294 1082 αἰφνίδιον
1328 1012 1465 1084 ὑπὲρ
1501 1015 1668 1066 αὐτὸν
1703 1013 1862 1066 στάν-

163 1125 253 1167 τος
294 1104 609 1174 ἀφανίζεται
650 1103 786 1155 κατά
826 1122 976 1165 τινος
1007 1103 1304 1172 φάραγγος.
1384 1101 1623 1171 γέγραφε
1667 1099 1717 1153 δ’
1766 1102 1863 1154 αὑ-

163 1196 260 1246 τὸν
317 1192 376 1245 ἐν
432 1201 547 1254 ταῖς
587 1192 758 1261 ἱεραῖς
809 1194 1022 1260 βίβλοις
1074 1197 1382 1259 τεθνεῶτα,
1436 1193 1620 1252 δείσας
1668 1191 1739 1258 μὴ
1784 1187 1855 1241 δι’

163 1282 481 1351 ὑπερβολὴν
520 1288 613 1347 τῆς
652 1278 776 1348 περὶ
828 1280 998 1332 αὐτὸν
1039 1279 1249 1348 ἀγάπης
1289 1282 1425 1348 πρὸς
1464 1281 1524 1332 τὸ
1567 1283 1728 1330 θεῖον
1768 1277 1863 1329 αὐ-

165 1372 262 1423 τὸν
303 1368 655 1438 ἀναχωρῆσαι
696 1370 1045 1436 τολμήσωσιν
1086 1369 1275 1419 εἰπεῖν.

277 1458 459 1525 <327>
512 1454 704 1524 ἐβίωσε
763 1452 823 1507 δὲ
878 1457 974 1508 τὸν
1025 1455 1202 1508 πάντα
1253 1458 1456 1525 χρόνον
1507 1453 1642 1506 ἐτῶν
1692 1458 1864 1506 εἴκοσι

165 1545 256 1599 καὶ
315 1542 542 1612 ἑκατόν,
600 1538 677 1596 ὧν
732 1540 860 1612 ἦρξε
915 1545 975 1596 τὸ
1032 1546 1216 1610 τρίτον
1273 1541 1435 1613 μέρος
1491 1540 1573 1594 ἑνὶ
1621 1545 1865 1596 λείποντι

167 1637 313 1703 μηνί.
393 1632 705 1700 ἐτελεύτησε
751 1629 810 1684 δὲ
843 1639 915 1703 τῷ
958 1631 1172 1704 ὑστάτῳ
1214 1629 1345 1701 μηνὶ
1386 1639 1484 1684 τοῦ
1525 1632 1705 1698 ἔτους,
1756 1631 1864 1684 ὑπὸ

168 1720 268 1792 μὲν
322 1722 671 1774 Μακεδόνων
728 1721 965 1792 Λύστρῳ
1020 1718 1342 1793 καλουμένῳ
1393 1717 1604 1792 Ἀδάρῳ
1654 1717 1702 1771 δ’
1756 1718 1856 1788 ὑφ’

168 1811 350 1879 ἡμῶν,
396 1812 697 1880 νουμηνίᾳ,
751 1809 932 1877 <328>
974 1807 1192 1861 συνέσει
1241 1828 1296 1861 τε
1349 1810 1476 1870 τοὺς
1515 1805 1720 1860 πώποτ’
1769 1807 1864 1860 ἀν-

125 1919 143 1944 υ
168 1899 430 1966 θρώπους
468 1897 796 1967 ὑπερβαλὼν
836 1896 926 1949 καὶ
967 1898 1308 1966 χρησάμενος
1349 1897 1543 1965 ἄριστα
1583 1905 1696 1958 τοῖς
1736 1916 1865 1965 νοη-

169 1993 374 2055 θεῖσιν,
413 1988 586 2039 εἰπεῖν
626 2006 681 2039 τε
722 1984 811 2038 καὶ
843 1988 1116 2053 πλήθεσιν
1159 1986 1418 2054 ὁμιλῆσαι
1457 1982 1866 2054 κεχαρισμένος,

170 2076 234 2128 τά
288 2073 332 2127 τ’
388 2075 525 2126 ἄλλα
578 2073 669 2127 καὶ
715 2083 826 2126 τῶν
873 2079 1071 2126 παθῶν
1123 2073 1508 2142 αὐτοκράτωρ,
1570 2073 1752 2140 <329>
1795 2073 1867 2135 ὡς

172 2161 297 2233 μηδ’
357 2161 568 2215 ἐνεῖναί
613 2182 664 2214 τι
714 2163 926 2215 τούτων
977 2149 1047 2230 τῇ
1081 2170 1227 2231 ψυχῇ
1282 2162 1466 2214 δοκεῖν
1519 2160 1723 2228 αὐτοῦ,
1775 2160 1866 2213 καὶ

173 2253 464 2320 γινώσκειν
505 2252 679 2318 μόνον
720 2249 901 2302 αὐτῶν
942 2250 1042 2318 τὴν
1081 2252 1457 2319 προσηγορίαν
1499 2248 1557 2300 ἐκ
1596 2257 1694 2302 τοῦ
1734 2247 1858 2318 παρ’

107 2354 149 2386 25
174 2341 360 2402 ἄλλοις
399 2337 535 2390 αὐτὰ
575 2335 798 2406 βλέπειν
846 2342 1054 2406 μᾶλλον
1102 2338 1133 2405 ἢ
1183 2335 1308 2406 παρ’
1358 2336 1527 2407 αὐτῷ·
1576 2334 1666 2388 καὶ
1708 2352 1867 2405 στρα-

173 2429 336 2496 τηγὸς
391 2422 491 2494 μὲν
547 2424 607 2478 ἐν
655 2426 896 2494 ὀλίγοις,
950 2429 1233 2495 προφήτης
1283 2423 1330 2477 δ’
1381 2418 1494 2487 οἶος
1544 2424 1645 2477 οὐκ
1685 2426 1868 2493 ἄλλος,

176 2512 314 2568 ὥσθ’
363 2514 391 2566 ὅ
423 2533 474 2566 τι
506 2512 805 2583 φθέγξαιτο
839 2516 1023 2567 δοκεῖν
1058 2514 1227 2567 αὐτοῦ
1261 2512 1518 2581 λέγοντος
1558 2512 1868 2582 ἀκροᾶσθαι

176 2612 274 2657 τοῦ
313 2608 467 2656 θεοῦ.
543 2607 744 2654 πενθεῖ
787 2599 887 2670 μὲν
936 2598 1038 2655 οὖν
1087 2602 1256 2655 αὐτὸν
1297 2602 1325 2656 ὁ
1368 2603 1496 2663 λαὸς
1538 2598 1620 2669 ἐφ’
1668 2600 1870 2670 ἡμέρας

177 2691 494 2761 τριάκοντα,
545 2691 686 2759 λύπη
739 2688 788 2742 δ’
836 2690 937 2744 οὐκ
984 2692 1120 2758 ἄλλη
1162 2688 1420 2759 κατέσχεν
1451 2688 1739 2759 Ἑβραίους
1779 2709 1867 2742 το-

112 2795 154 2826 30
180 2780 350 2847 σαύτη
414 2780 474 2831 τὸ
530 2777 764 2846 μέγεθος
818 2778 917 2846 ὅση
972 2781 1092 2831 τότε
1142 2776 1417 2840 Μωυσέος
1472 2776 1869 2839 ἀποθανόντος.

301 2884 324 2932 ἓ
358 2883 443 2922 325
471 2900 525 2915 =
549 2878 735 2922 Denter.
769 2879 942 2922 XXXII
973 2883 1054 2931 483
1101 2879 1292 2922 XXXIV
1326 2884 1363 2922 1.

1897 1469 1955 1508 49
