2052 3141
818 104 1096 144 ΔΕΤΤΕΡΑ
1698 103 1719 151 1
1733 105 1758 151 1
1770 101 1796 151 1

110 240 334 292 πάθουν
383 239 480 291 τὸν
526 239 746 307 καιρόν,
793 235 880 289 καὶ
923 244 1015 304 τῆς
1056 233 1137 288 ἐπ’
1185 235 1425 307 ἀπωλείᾳ
1464 244 1562 289 τοῦ
1602 234 1800 303 γένους

113 327 294 381 αὐτῶν
333 325 566 388 ἐλπίδος.
643 325 824 392 <212>
873 325 901 377 ὁ
951 321 1011 376 δὲ
1058 326 1189 386 θεὸς
1235 323 1459 392 ἐλεήσας
1498 324 1666 377 αὐτὸν
1706 322 1796 376 καὶ

111 418 247 485 πρὸς
298 415 399 483 τὴν
456 414 688 466 ἱκετείαν
745 411 1094 475 ἐπικλασθεὶς
1148 411 1429 481 ἐφίσταται
1483 413 1617 465 κατὰ
1672 415 1801 475 τοὺς

111 504 321 566 ὕπνους
360 502 538 574 αὐτῷ,
577 500 667 554 καὶ
707 499 827 569 μήτ’
875 501 1278 569 ἀπογινώσκειν
1320 501 1487 554 αὐτὸν
1526 499 1650 571 περὶ
1689 510 1798 553 τῶν

69 594 425 660 5μελλόντων
472 591 800 660 παρεκάλει,
855 593 955 658 τήν
1002 587 1045 642 τ’
1093 588 1378 658 εὐσέβειαν
1426 590 1608 642 αὐτῶν
1649 591 1798 656 ἔλεγε

113 681 203 732 διὰ
255 683 468 748 μνήμης
523 681 667 749 ἔχειν
722 677 811 731 καὶ
860 680 960 747 τὴν
998 676 1136 748 ὑπὲρ
1188 680 1384 746 ταύτης
1430 677 1667 746 ἀμοιβὴν
1715 677 1798 731 ἀεὶ

110 767 382 838 παρέξειν,
422 769 525 836 ἤδη
568 765 668 835 μὲν
707 767 797 821 καὶ
842 777 953 829 τοῖς
992 770 1288 836 προγόνοις
1328 767 1510 820 αὐτῶν
1552 768 1800 837 δωρησά-

111 877 273 925 μενος
305 858 365 908 τὸ
398 854 660 923 γενέσθαι
693 865 961 909 τοσοῦτον
993 860 1206 923 πλῆθος
1238 855 1438 918 αὐτοὺς
1476 854 1530 919 ἐξ
1573 855 1801 923 ὀλίγων

109 945 290 1012 <213>
329 942 420 996 καὶ
445 942 729 1013 ’Ἄβραμον
778 941 878 1012 μὲν
926 947 1100 1012 μόνον
1141 943 1200 996 ἐκ
1240 952 1333 1012 τῆς
1371 947 1803 1012 Μεσοποταμίας

47 1048 87 1079 10
110 1034 187 1095 εἰς
226 1033 325 1100 τὴν
360 1035 678 1085 Χαναναίαν
719 1035 1168 1102 παραγενόμενον
1207 1032 1603 1100 εὐδαιμονῆσαι
1642 1032 1707 1084 τά
1747 1029 1791 1084 τ’

109 1122 247 1174 ἄλλα
309 1118 399 1173 καὶ
460 1128 555 1188 τῆς
608 1123 868 1188 γυναικὸς
924 1120 1069 1192 αὐτῷ
1126 1123 1262 1190 πρὸς
1317 1122 1490 1188 γονὴν
1547 1119 1804 1190 ἀκάρπως

111 1209 339 1278 ἐχούσης
391 1211 690 1279 πρότερον,
746 1211 927 1261 ἔπειτα
975 1209 1108 1261 κατὰ
1156 1209 1255 1276 τὴν
1308 1208 1479 1261 αὐτοῦ
1529 1209 1800 1276 βούλησιν

110 1296 322 1364 ἀγαθῆς
358 1298 493 1366 πρὸς
533 1305 693 1349 τοῦτο
735 1295 1062 1365 γενομένης,
1117 1306 1384 1349 τεκνῶσαι
1424 1298 1655 1363 παῖδας,
1710 1294 1799 1348 καὶ

108 1389 424 1437 καταλιπεῖν
465 1381 564 1452 μὲν
599 1382 867 1457 Ἰσμαήλῳ
918 1383 1003 1436 καὶ
1048 1393 1160 1446 τοῖς
1202 1383 1254 1447 ἐξ
1297 1384 1469 1437 αὐτοῦ
1509 1386 1608 1453 τὴν
1643 1382 1798 1454 Ἀρά-

45 1489 85 1521 15
109 1477 224 1542 βων
278 1473 496 1542 χώραν,
551 1482 664 1535 τοῖς
711 1471 761 1524 δ’
818 1472 875 1525 ἐκ
916 1474 1193 1541 Χετούρας
1239 1474 1338 1540 τὴν
1394 1474 1799 1541 Τρωγλοδῦτιν,

104 1559 294 1632 Ἰσάκῳ
351 1558 411 1613 δὲ
466 1553 566 1629 τὴν
624 1564 957 1614 Χαναναίαν.
1036 1562 1216 1629 <214>
1265 1560 1394 1613 ‘6606
1440 1580 1496 1613 τε
1544 1565 1803 1629 πολεμῶν

109 1651 242 1703 κατὰ
289 1651 389 1717 τὴν
438 1648 601 1718 ε’μήν’
652 1653 793 1718 φησί
840 1649 1173 1718 εσυμμαχίαν
1213 1650 1641 1719 ἠνδραγάθησε,
1695 1648 1802 1702 κᾶν

111 1738 323 1807 ἀσεβεῖς
369 1733 510 1790 εἶναι
558 1737 770 1801 δόξαιτε
822 1736 911 1790 καὶ
952 1737 1108 1805 ὑμεῖς
1146 1739 1218 1806 μὴ
1261 1739 1352 1790 διὰ
1392 1740 1607 1806 μνήμης
1646 1739 1800 1806 ἔχον·

110 1846 209 1888 τες.
281 1824 543 1895 Ἰάκωβον
599 1823 659 1878 δὲ
714 1824 803 1878 καὶ
856 1835 967 1889 τοῖς
1019 1826 1117 1895 οὐχ
1168 1826 1471 1895 ὁμοφύλοις
1516 1827 1799 1895 γνώριμον

43 1931 85 1964 20
109 1911 249 1967 εἶναι
291 1912 633 1983 συμβέβηκεν
674 1914 764 1967 ε’πί
790 1934 845 1966 τε
880 1912 1103 1982 μεγέθει
1143 1922 1235 1982 τῆς
1274 1914 1628 1982 εὐδαιμονίας
1667 1910 1792 1982 μεθ’

107 1999 171 2071 ἧς
219 2002 414 2072 ἐβίωσε
466 2001 556 2055 καὶ
603 2001 759 2055 παισὶ
812 2012 926 2065 τοῖς
973 2002 1143 2055 αὑτοῦ
1190 2001 1499 2054 κατέλιπεν·
1549 1998 1615 2055 οὗ
1663 1999 1792 2070 μεθ’

110 2090 487 2160 ἑβδομήκοντα
542 2100 652 2144 τῶν
706 2091 930 2144 πάντων
985 2093 1061 2153 είς
1107 2096 1392 2159 Αἴγυπτον
1441 2088 1799 2160 ἀφικομένου,

107 2177 245 2250 ὑπὲρ
303 2178 564 2248 ἑξήκοντά
622 2197 730 2233 που
786 2180 1047 2249 μυριάδες
1102 2181 1206 2248 ἤδη
1263 2182 1539 2247 γεγόνατε.
1617 2180 1800 2247 <215>

108 2276 213 2321 νῦν
253 2267 302 2320 δ’
350 2265 442 2336 ἐμὲ
489 2277 587 2322 τοῦ
626 2275 784 2336 κοινῇ
834 2267 1211 2337 συμφέροντος
1249 2268 1406 2336 ὑμῶν
1447 2272 1557 2320 ι”στε
1595 2285 1798 2337 προνο-

43 2373 84 2404 25
111 2358 350 2425 ούμενον
398 2355 487 2408 καὶ
534 2365 627 2424 τῆς
675 2365 770 2424 σῆς
816 2356 1075 2419 εὐκλείας.
1154 2358 1182 2410 ὁ
1223 2367 1348 2419 παῖς
1388 2357 1492 2426 γὰρ
1533 2352 1692 2418 οὗτος
1731 2353 1800 2409 οὗ

109 2447 210 2513 τὴν
250 2448 467 2513 γένεσιν
506 2446 800 2512 Αἰγύπτιοι
843 2447 1083 2508 δεδιότες
1129 2445 1453 2515 κατέκριναν
1493 2444 1798 2497 ἀπολλύναι

109 2534 173 2585 τὰ
222 2533 274 2597 ἐξ
325 2532 678 2604 Ἰσραηλιτῶν
726 2537 1047 2603 τικτόμενα,
1104 2537 1197 2597 σὸς
1244 2537 1408 2587 ἔσται.
1486 2534 1668 2601 <216>
1708 2532 1798 2585 καὶ

109 2624 330 2690 λήσεται
369 2619 469 2691 μὲν
508 2623 636 2684 τοὺς
687 2619 767 2674 ἐπ’
816 2621 1031 2695 ὀλέθρῳ
1071 2624 1622 2692 παραφυλάττοντας,
1673 2640 1800 2689 τρα-

108 2709 230 2779 φεὶς
281 2707 340 2763 δὲ
387 2709 709 2781 παραδόξως
763 2712 822 2763 τὸ
875 2707 975 2779 μὲν
1007 2709 1278 2781 Ἑβραίων
1325 2710 1484 2778 γένος
1531 2718 1624 2778 τῆς
1663 2708 1790 2780 παρ’

43 2813 86 2845 30
109 2800 433 2867 Αἰγυπτίοις
488 2798 728 2867 ἀνάγκης
782 2797 1080 2867 ἀπολύσει,
1135 2801 1348 2867 μνήμης
1400 2797 1475 2868 δ’,
1524 2796 1608 2868 ἐφ’
1664 2799 1797 2852 ὅσον

109 2897 265 2956 μενεῖ
300 2891 502 2957 χρόνον
543 2888 607 2939 τὰ
648 2887 965 2956 σύμπαντα,
1004 2887 1243 2951 τεύξεται
1282 2886 1410 2957 παρ7
1459 2886 1800 2958 ἀνθρώποις,
