2052 3141
873 85 1081 126 ΠΡῼΤΗ
1747 80 1819 132 43

130 221 455 291 πεισομένης
508 240 558 272 τι
615 229 726 272 τῶν
782 221 1022 287 αἰσχρῶν
1071 216 1320 270 ἐκέλευσε
1369 213 1631 269 δεδιέναι·
1681 217 1820 268 θεὸν

131 313 234 381 γὰρ
260 311 430 363 αὐτοῦ
454 310 745 376 κήδεσθαι,
785 306 875 359 καὶ
907 307 1040 359 κατὰ
1072 308 1173 374 τὴν
1207 308 1518 375 συμμαχίαν
1551 306 1653 373 τὴν
1687 303 1820 356 ἐκεί-

128 420 232 452 νου
265 407 635 468 μεμενηκυῖαν
661 396 996 464 ἀνύβριστον
1029 397 1363 463 κομίζεσθαι.
1441 401 1539 446 τοῦ
1581 389 1641 444 δὲ
1680 397 1821 444 θεοῦ

129 488 404 557 μάρτυρος
436 488 594 548 ὄντος
626 483 715 537 καὶ
752 492 851 537 τοῦ
877 492 969 551 τῆς
1001 485 1261 551 γυναικὸς
1294 483 1631 548 συνειδότος,
1672 483 1820 547 ἔλεγε

85 591 105 624 5
131 573 257 645 μηδ’
305 575 374 628 ἂν
414 576 715 644 ὀρεχθῆναι
749 575 849 642 τὴν
883 573 1076 642 ἀρχήν,
1117 574 1166 624 εἰ
1204 572 1443 639 γαμετὴν
1485 566 1659 622 οὖσαν
1699 569 1822 636 ἠπί-

130 678 314 717 στατο·
373 664 473 726 (ὡς
525 662 573 715 δ’
622 662 869 731 ἀδελφὴν
924 662 1192 730 ἀγόμενος
1246 662 1350 728 σὴν
1406 659 1507 712 οὐκ
1545 657 1820 726 ἠδίκουν.’

128 754 309 821 <210>
350 756 654 821 παρακαλεῖ
697 771 753 803 τε
793 751 977 819 πράως
1029 753 1173 819 ἔχειν
1212 750 1348 817 πρὸς
1387 748 1556 800 αὐτὸν
1596 745 1686 798 καὶ
1725 748 1821 799 τὸν

127 843 265 894 θεὸν
304 841 507 908 εὐμενῆ
555 849 757 891 ποιεῖν·
798 837 923 907 παρ’
972 838 1116 908 αὐτῷ
1168 856 1221 888 τε
1272 834 1457 904 μένειν
1497 833 1820 905 βουλομένῳ

127 937 309 982 πᾶσαν
349 927 631 996 ἀφθονίαν
678 927 968 995 ὑπάρξειν,
1016 924 1233 978 ἀπιέναι
1280 944 1336 976 τε
1377 925 1820 992 προαιρούμενον

62 1035 104 1066 10
128 1016 416 1080 τεύξεσθαι
455 1024 671 1084 πομπῆς
722 1014 813 1068 καὶ
852 1016 1074 1067 πάντων
1115 1014 1263 1066 ὅσων
1303 1011 1391 1065 καὶ
1432 1010 1647 1082 χρῄζων
1688 1014 1823 1080 πρὸς

129 1106 298 1159 αὐτὸν
339 1105 603 1174 ἀφίκοιτο.
685 1104 865 1172 <211>
906 1101 1054 1155 ταῦτ’
1104 1104 1353 1163 εἰπόντος
1378 1099 1655 1169 ’Ἅβραμος
1696 1101 1820 1153 οὔτε

129 1196 229 1262 τὴν
282 1193 606 1261 συγγένειαν
654 1200 747 1260 τῆς
794 1194 1053 1260 γυναικὸς
1102 1190 1372 1252 ἐψεῦσθαι
1412 1192 1598 1256 ἔλεγεν
1641 1188 1822 1258 (ἀδελ-

129 1290 240 1352 φοῦ
288 1284 390 1351 γὰρ
447 1282 618 1350 αὐτὴν
666 1278 809 1334 εἶναι
848 1278 1042 1347 παῖδα)
1090 1278 1181 1331 καὶ
1232 1279 1355 1347 δίχα
1397 1279 1649 1346 τοιαύτης
1687 1278 1822 1330 ὑπο-

129 1375 358 1439 κρίσεως
413 1371 514 1423 οὐκ
570 1370 786 1438 ἀσφαλῆ
836 1371 935 1437 τὴν
985 1368 1278 1435 ἐπιδημίαν
1324 1366 1640 1434 ὑπολαβεῖν.
1721 1366 1822 1418 ὅσα

63 1475 104 1508 15
129 1458 173 1512 τ’
222 1458 308 1512 ἐπὶ
347 1467 420 1530 τῷ
471 1456 643 1527 μηδὲν
695 1463 866 1518 αἴτιος
911 1464 1004 1524 τῆς
1042 1459 1215 1509 νόσου
1256 1453 1570 1523 γεγονέναι,
1609 1460 1822 1523 προθυ-

129 1553 375 1617 μηθῆναι
409 1546 458 1600 δ’
500 1547 670 1600 αὐτοῦ
703 1545 826 1615 περὶ
858 1547 959 1613 τὴν
993 1547 1286 1614 σωτηρίαν,
1328 1542 1553 1611 ἑτοίμως
1586 1545 1822 1611 ἔφασκεν

129 1639 273 1706 ἔχειν
320 1632 446 1705 παρ’
502 1635 648 1705 αὐτῷ
698 1633 899 1703 μένειν.
980 1632 1161 1700 <212>
1202 1630 1294 1684 καὶ
1329 1628 1673 1700 Ἀβιμέλεχος
1722 1634 1822 1699 τήν

129 1744 185 1777 τε
232 1732 336 1792 γῆν
382 1726 518 1793 πρὸς
564 1724 732 1776 αὐτὸν
782 1721 1093 1790 διανέμεται
1144 1719 1235 1772 καὶ
1281 1722 1345 1772 τὰ
1396 1722 1677 1789 χρήματα,
1733 1718 1822 1772 καὶ

131 1816 484 1865 συντίθενται
518 1811 730 1873 ἀδόλως
753 1811 1199 1876 πολιτεύσεσθαι,
1238 1806 1376 1877 ὑπέρ
1411 1828 1560 1869 τινος
1591 1806 1825 1876 φρέατος

63 1918 106 1949 20
131 1902 453 1970 ποιούμενοι
484 1902 581 1953 τὸν
616 1900 802 1969 ὅρκον,
829 1899 856 1951 ὃ
889 1896 1210 1967 Βηρσουβαὶ
1243 1901 1531 1949 καλοῦσιν·
1567 1896 1736 1965 ὅρκου
1764 1894 1822 1949 δὲ

130 1987 304 2059 φρέαρ
345 1987 543 2057 λέγοιτ’
591 1989 674 2040 ἄν.
753 1987 895 2042 οὕτω
930 1984 979 2039 δ’
1020 1989 1097 2039 ἔτι
1136 1987 1227 2037 καὶ
1266 1993 1372 2038 νῦν
1411 1985 1518 2037 ὑπὸ
1544 1995 1669 2041 ,τῶν
1712 1985 1823 2037 ε’πι-

129 2080 348 2147 χωρίων
390 2077 717 2145 ὠνόμασται.

243 2167 424 2233 <213>
464 2169 673 2232 γίνεται
721 2161 769 2216 δ’
819 2161 1070 2235 Ἁβράμῳ
1113 2159 1225 2230 μετ’
1273 2162 1339 2214 οὐ
1386 2164 1528 2214 πολὺ
1569 2160 1659 2213 καὶ
1698 2171 1824 2224 παῖς

135 2254 192 2307 ἐκ
217 2254 457 2323 Σάρρας,
497 2254 569 2315 ὡς
602 2253 747 2323 αὐτῷ
780 2253 888 2305 ὑπὸ
922 2260 1021 2304 τοῦ
1052 2257 1192 2303 θεοῦ
1232 2254 1546 2320 προείρητο·
1589 2249 1653 2301 ὃν
1679 2248 1825 2302 Ἴσα-

65 2356 108 2389 25
133 2362 232 2395 κον
275 2342 541 2409 ὠνόμασε.
618 2349 780 2394 τοῦτο
829 2339 1037 2408 γέλωτα
1086 2341 1361 2408 σημαίνει·
1404 2339 1495 2390 διὰ
1535 2337 1723 2406 μέντοι
1764 2341 1823 2391 τὸ

135 2432 235 2499 τὴν
283 2431 512 2499 Σάρραν
560 2431 836 2497 μειδιᾶσαι
882 2427 1136 2491 τέξεσθαι
1183 2430 1461 2496 φήσαντος
1508 2427 1679 2494 αὐτὴν
1727 2435 1825 2479 τοῦ

134 2525 303 2586 θεοῦ,
355 2520 427 2587 μὴ
468 2520 868 2587 προσδοκῶσαν
907 2518 1012 2585 ἤδη
1054 2524 1278 2569 τοκετοῦ
1317 2514 1693 2585 πρεσβυτέραν
1734 2511 1827 2567 οὗ-

136 2621 270 2675 σαν,
309 2609 407 2660 τὸν
446 2607 573 2659 υἱὸν
614 2607 788 2668 οὕτως
827 2605 1098 2658 ἐκάλεσεν.
1178 2604 1314 2672 αὐτὴ
1356 2600 1456 2671 μὲν
1497 2604 1601 2671 γὰρ
1643 2602 1828 2670 ἐνενή-

136 2715 305 2749 κοντα
344 2692 489 2765 εἶχεν
529 2697 639 2764 ἔτη,
683 2693 875 2748 ἑκατὸν
917 2691 978 2746 δὲ
1005 2692 1297 2763 ’Ἅβραμος
1376 2693 1555 2758 <214>
1597 2694 1830 2744 τίκτεται

72 2797 116 2829 30
142 2781 204 2836 δὲ
228 2793 354 2846 παῖς
379 2782 648 2853 ἑκατέρων
671 2791 745 2853 τῷ
770 2781 980 2854 ὑστέρῳ
1007 2784 1133 2834 ἔτει·
1176 2781 1240 2833 ὃν
1272 2780 1446 2842 εὐθὺς
1477 2776 1589 2848 μετ’
1623 2779 1829 2849 ὀγδόην

257 2889 282 2937 ξ
313 2889 398 2928 209
426 2906 481 2920 ==
506 2884 615 2927 Gen.
649 2883 735 2926 XX
768 2888 815 2935 93
858 2883 965 2926 XXI
998 2888 1070 2926 22.
1195 2887 1218 2935 ἓ
1251 2886 1336 2924 213
1364 2902 1418 2918 =
1445 2879 1556 2924 Gen.
1590 2879 1699 2923 XXI
1733 2886 1770 2924 1.
