2052 3141
855 120 1129 161 ΔΕΤΤΕΡΑ
1726 122 1831 174 123

147 250 237 304 καὶ
276 248 343 305 οὗ
383 248 483 321 μὲν
523 251 592 304 ἂν
633 251 728 322 δέῃ
770 255 978 321 λόγων,
1016 255 1193 306 πειθὼ
1233 254 1516 325 παρέξειν,
1557 252 1624 309 οὗ
1666 254 1715 308 δ’
1763 255 1831 309 ἂν

149 342 354 410 ἔργων,
407 342 566 410 ἰσχὺν
613 343 954 410 χορηγήσειν.
1034 341 1253 395 ἐκέλευέ-
1295 363 1349 396 τε
1383 346 1482 413 τὴν
1530 347 1830 413 βακτηρίαν

148 427 235 480 ἐπὶ
274 430 375 496 τὴν
407 435 510 496 γῆν
542 427 749 510 ᾀφέντα
787 433 972 482 πίστιν
1013 425 1090 483 ὧν
1122 431 1464 501 ὑπισχνεῖται
1505 433 1828 501 λαμβάνειν·

145 516 236 569 καὶ
267 520 595 586 ποιήσαντος
628 519 847 587 δράκων
880 512 1051 589 εἷρπε,
1091 519 1181 572 καὶ
1216 522 1642 589 συνειλούμενος
1683 536 1830 574 σπει-

102 617 121 649 5
148 607 318 675 ρηδὸν
366 606 438 668 ὡς
489 607 785 659 διώκουσιν
833 603 914 659 ἐπ’
969 606 1149 678 ἀμύνῃ
1197 610 1297 676 τὴν
1344 610 1589 677 κεφαλὴν
1642 607 1830 661 ε’πανέ-

142 713 340 762 τεινεν,
379 689 494 747 εἶτα
533 694 699 746 πάλιν
739 695 979 765 βάκτρον
1018 693 1102 763 ἧν.
1181 697 1362 765 <273>
1395 698 1526 765 μετὰ
1565 705 1727 750 τοῦτο
1770 694 1829 749 δὲ

142 787 398 834 καθεῖναι
437 784 537 851 τὴν
585 782 770 846 δεξιὰν
811 785 888 845 εἰς
937 786 1034 836 τὸν
1074 787 1281 838 κόλπον
1320 784 1673 854 προσέταξεν·
1730 785 1829 837 ὑπ-

143 871 380 932 ακούσας
412 867 472 922 δὲ
505 872 707 939 λευκὴν
738 870 828 923 καὶ
868 872 1068 943 τιτάνῳ
1109 875 1210 941 τὴν
1248 876 1419 943 χρόαν
1460 875 1657 942 ὁμοίαν
1696 891 1828 943 προ-

139 961 413 1027 εκόμισεν,
452 954 548 1010 εἶτ’
595 960 672 1019 είς
709 960 770 1011 τὸ
812 960 1052 1027 σύνηθες
1091 960 1332 1030 κατέστη.
1410 960 1729 1023 κελευσθεὶς
1769 959 1830 1014 δὲ

5 1060 7 1062 ’
76 1057 118 1089 10
141 1043 230 1098 καὶ
283 1053 382 1098 τοῦ
428 1047 662 1113 πλησίον
708 1045 910 1109 ὕδατος
958 1047 1144 1115 λαβὼν
1194 1047 1279 1100 ἐπὶ
1326 1050 1427 1117 τὴν
1476 1057 1579 1117 γῆν
1631 1049 1828 1119 ἐκχέαι,

143 1134 246 1205 ὁρᾷ
291 1134 390 1201 τὴν
437 1136 611 1203 χρόαν
659 1135 939 1202 αἱματώδη
989 1134 1309 1204 γενομένην.
1389 1136 1573 1205 <274>
1611 1138 1829 1206 θαυμά-

144 1224 302 1285 ζοντα
327 1218 374 1273 δ’
409 1220 494 1273 ἐπὶ
527 1223 741 1284 τούτοις
771 1228 1007 1291 θαρρεῖν
1039 1226 1448 1293 παρεκελεύετο,
1489 1223 1580 1277 καὶ
1612 1228 1828 1294 βοηθὸν

141 1308 346 1362 εἰδέναι
364 1308 620 1377 μέγιστον
639 1309 785 1381 αὐτῷ
814 1314 1206 1379 συνεσόμενον,
1231 1310 1321 1364 καὶ
1347 1316 1591 1381 σημείοις
1615 1316 1750 1383 πρὸς
1767 1317 1827 1367 τὸ

139 1399 495 1450 πιστεύεσθαι
519 1398 665 1466 παρὰ
689 1405 822 1450 πᾶσι
847 1404 1107 1467 χρῆσθαι,
1148 1400 1230 1452 ὅτι
1254 1399 1528 1470 πεμφθεὶς
1558 1399 1650 1454 ὑπ’
1692 1402 1826 1470 ἐμοῦ

73 1496 115 1529 15
139 1486 315 1538 πάντα
338 1486 473 1538 κατὰ
512 1486 606 1552 τὰς
638 1485 767 1554 ἐμὰς
800 1485 1024 1550 ἐντολὰς
1055 1498 1243 1550 ποιεῖς.
1320 1490 1526 1542 κελεύω
1561 1487 1622 1542 δὲ
1654 1488 1827 1559 μηδὲν

139 1576 216 1626 ἔτι
248 1576 593 1643 μελλήσαντα
630 1576 888 1627 σπεύδειν
921 1577 997 1637 είς
1030 1577 1129 1644 τὴν
1163 1582 1468 1645 Αἴγυπτον,
1508 1577 1598 1630 καὶ
1631 1581 1827 1641 νυκτὸς

136 1660 228 1714 καὶ
268 1660 470 1732 ἡμέρας
510 1661 898 1731 ἐπειγόμενον,
939 1662 1028 1716 καὶ
1069 1666 1140 1733 μὴ
1181 1668 1440 1735 τρίβοντα
1479 1669 1576 1720 τὸν
1623 1670 1826 1737 χρόνον

138 1753 307 1802 πλείω
340 1759 520 1803 ποιεῖν
550 1759 748 1804 τοῦτον
772 1749 1048 1820 Ἑβραίοις
1081 1752 1141 1805 ἐν
1176 1755 1402 1825 δουλεία
1426 1761 1825 1809 κακοπαθοῦσι.

248 1839 427 1906 <275>
467 1842 714 1906 Μωυσῆς
747 1837 795 1891 δ’
837 1840 936 1892 οὐκ
977 1843 1117 1909 ἔχων
1158 1841 1405 1894 άπιστεῖν
1446 1836 1527 1905 οἷς
1568 1842 1826 1911 ἐπηγγέλ-

70 1938 114 1970 20
138 1930 260 1979 λετο
306 1928 366 1979 τὸ
413 1932 600 1995 θεῖον,
647 1930 848 2002 θεατήςι
895 1948 955 1995 γε
996 1930 1263 1982 τοιούτων
1303 1931 1696 1999 βεβαιωμάτων
1737 1931 1827 1984 καὶ

137 2013 406 2084 ἀκροατὴς
453 2019 777 2085 γενόμενος,
825 2016 1121 2085 εὐξάμενος
1167 2018 1312 2089 αὐτῷ
1363 2018 1452 2071 καὶ
1491 2025 1826 2089 πειραθῆναι

136 2104 334 2171 ταύτης
372 2112 466 2173 τῆς
506 2105 790 2173 δυνάμεως
841 2105 902 2157 ἐν
941 2107 1206 2178 Αἰγύπτῳ
1249 2108 1496 2175 δεηθείς,
1548 2109 1824 2177 ἠντιβόλει

138 2189 269 2259 μηδ’
307 2191 575 2261 ὀνόματος
614 2193 760 2264 αὐτῷ
795 2203 1003 2261 γνῶσιν
1043 2203 1141 2248 τοῦ
1183 2197 1329 2248 ι’δίου
1371 2202 1673 2264 φθονῆσαι,
1713 2217 1826 2265 φω-

135 2286 235 2346 νῆς
273 2277 323 2331 δ’
362 2280 507 2351 αὐτῷ
543 2283 892 2349 μετεσχηκότι
926 2280 1016 2333 καὶ
1056 2284 1234 2346 ὄψεως
1273 2285 1349 2335 ἔτι
1390 2282 1480 2335 καὶ
1519 2285 1619 2351 τὴν
1658 2299 1825 2350 προσ-

70 2377 113 2409 25
136 2369 367 2436 ηγορίαν
400 2369 593 2435 εἰπεῖν,
633 2369 724 2420 ἵνα
755 2369 915 2421 θύων
957 2368 1010 2432 ἐξ
1053 2369 1322 2438 ὀνόματος
1362 2371 1531 2424 αὐτὸν
1570 2382 1825 2441 παρεῖναι

135 2464 249 2517 τοῖς
290 2455 456 2524 ἱεροῖς
486 2460 784 2524 παρακαλῇ.
862 2457 1044 2525 <276>
1074 2456 1164 2510 καὶ
1205 2459 1233 2511 ὁ
1273 2461 1405 2521 θεὸς
1444 2459 1588 2530 αὐτῷ
1633 2464 1825 2528 σημαί-

134 2562 220 2595 νει
259 2543 358 2610 τὴν
400 2540 597 2596 ἑαυτοῦ
635 2547 1033 2613 προσηγορίαν,
1074 2546 1140 2598 οὐ
1180 2548 1448 2615 πρότερον
1489 2549 1565 2609 εἰς
1604 2547 1825 2617 ἀνθρώ-

134 2649 272 2693 πους
310 2635 723 2700 παρελθοῦσαν·
764 2630 887 2701 περὶ
927 2628 989 2700 ἧς
1030 2634 1095 2686 οὔ
1136 2654 1229 2701 μοι
1267 2636 1500 2702 θεμιτὸν
1539 2636 1726 2688 εἰπεῖν.

245 2722 486 2771 Μωυσεῖ
521 2715 621 2786 μὲν
661 2720 725 2771 τὰ
764 2717 961 2788 σημεῖα
1000 2729 1170 2774 ταῦτα
1217 2722 1283 2774 οὐ
1323 2725 1442 2775 τότε
1483 2725 1684 2790 μόνον,
1733 2726 1823 2776 διὰ

70 2819 116 2851 30
138 2809 341 2869 παντὸς
387 2804 436 2859 δ’
496 2807 655 2860 ὁπότε
708 2809 931 2876 δεηθείη
975 2810 1398 2879 συνετύγχανεν·
1441 2810 1493 2873 ἐξ
1536 2806 1613 2863 ὧν
1654 2811 1825 2865 ἁπάν-

254 2912 278 2960 ξ
310 2912 394 2951 273
428 2907 572 2951 Exod.
606 2907 668 2950 IV
702 2913 738 2952 6.
