2052 3141
817 51 1081 91 HEMIITH
1685 44 1794 96 285

107 189 287 256 φίλων
334 184 426 238 καὶ
471 185 618 255 παρὰ
664 192 726 254 τῇ
781 185 1001 254 διανοίᾳ
1039 192 1259 251 κρατεῖν
1300 182 1402 234 ὅσα
1440 177 1566 250 παρ’
1614 180 1796 232 αὐτῶν

108 275 242 343 ἡμῖν
279 272 540 343 ὑπῆρξεν,
580 274 662 325 ὅτι
702 292 759 325 τε
798 274 900 340 τὴν
940 271 1246 323 ἀπόλαυσιν
1286 280 1396 322 τῶν
1434 270 1797 337 ὑπαρχόντων

109 363 244 431 ὑμῖν
284 361 514 429 ἀγαθῶν
548 359 619 413 δι’
658 361 798 429 ἡμᾶς
831 360 1188 428 ἀνεβάλεσθε,
1221 356 1317 410 »καὶ
1351 359 1801 426 συμπονήσαντες

109 453 186 512 εἰς
225 450 258 502 ἃ
296 457 403 502 νῦν
436 450 628 521 εὐνοίᾳ
657 455 798 502 θεοῦ
830 447 1182 516 κατέστημεν,
1223 445 1396 498 ἔπειθ’
1446 446 1618 507 οὕτως
1658 443 1800 512 ἐκρί-

63 557 86 589 5
110 558 237 591 νατε
271 538 452 591 αὐτῶν
486 537 937 607 μεταλαμβάνειν.
1017 536 1160 603 <96>
1198 533 1389 602 γέγονε
1423 531 1483 585 δὲ
1514 535 1649 603 πρὸς
1688 542 1801 594 τοῖς

109 626 453 695 ὑπάρχουσιν
493 625 727 694 ἀγαθοῖς
767 624 825 677 ἐκ
872 634 981 677 τῶν
1023 626 1128 675 σὺν
1168 623 1299 690 ἡμῖν
1339 625 1528 675 πόνων
1567 626 1803 683 πλοῦτος

111 716 382 782 ἄφθονος,
421 717 574 766 λείαν
605 734 661 766 τε
694 714 905 781 πολλὴν
948 710 1299 779 ἐπαξομένοις
1338 708 1427 762 καὶ
1467 712 1673 779 χρυσὸν
1713 708 1803 761 καὶ

111 804 384 871 ἄργυρον,
429 801 519 853 καὶ
555 804 627 854 »τὸ
675 803 885 854 τούτων
926 802 1003 851 ἔτι
1042 798 1237 866 πλέον,
1276 798 1308 865 ἡ
1349 795 1474 866 παρ’
1520 798 1676 866 ἡμῶν
1716 798 1804 849 εὔ-

111 910 237 942 νοια
276 888 367 941 καὶ
407 890 467 941 τὸ
508 891 643 958 πρὸς
683 889 711 940 ὅ
744 909 795 940 τι
828 890 1193 957 βουληθείητε
1232 883 1347 937 κατ’
1395 885 1632 954 ἀμοιβὴν
1671 887 1804 954 πρό-

48 999 89 1030 10
112 984 316 1046 θυμον.
395 978 520 1029 οὔτε
561 978 666 1045 γὰρ
707 972 785 1029 ὧν
826 980 1074 1043 *Μωυσῆς
1119 984 1378 1043 προεῖπεν
1420 973 1806 1042 ἀπελείφθητε,

112 1067 628 1135 καταφρονήσαντες
661 1063 713 1128 ἐξ
749 1063 1064 1133 ἀνθρώπων
1098 1062 1457 1128 ἀπελθόντος,
1497 1059 1612 1113 οὔτ’
1659 1063 1808 1113 ἔστιν

115 1150 282 1207 οὐδὲν
323 1149 407 1221 ἐφ’
456 1147 498 1223 ᾧ
540 1153 612 1220 μὴ
645 1153 805 1221 χάριν
845 1153 978 1220 ὑμῖν
1013 1152 1256 1218 οἴδαμεν.
1337 1151 1478 1217 <97>
1518 1154 1809 1219 χαίροντας

117 1238 219 1294 οὖν
257 1241 399 1308 ὑμᾶς
440 1239 526 1292 ἐπὶ
566 1241 660 1302 τὰς
697 1243 1028 1309 κληρουχίας
1067 1239 1401 1306 ἀπολύομεν,
1441 1237 1531 1289 καὶ
1570 1257 1810 1307 παρακα-

119 1335 324 1398 λοῦμεν
372 1327 582 1397 μηδένα
627 1337 720 1397 τῆς
766 1331 903 1399 πρὸς
948 1329 1088 1396 ἡμᾶς
1135 1330 1453 1395 συγγενείας
1504 1327 1637 1396 ὅρον
1677 1327 1810 1379 ὑπο-

52 1440 93 1472 15
119 1418 441 1487 λαμβάνειν,
482 1416 635 1486 μηδ’,
675 1418 756 1469 ὅτι
791 1416 989 1486 μεταξὺ
1023 1418 1263 1484 ποταμὸς
1296 1412 1454 1477 οὗτός
1495 1414 1662 1483 ἐστιν,
1703 1412 1811 1467 ἑτέ-

119 1527 252 1577 ρους
282 1506 422 1575 ἡμᾶς
453 1509 711 1575 νομίσητε
745 1505 835 1558 καὶ
869 1505 991 1575 οὐχὶ
1023 1504 1324 1574 Ἐβραίους.
1397 1502 1674 1572 Ἀβράμου
1708 1504 1811 1572 γὰρ

106 1595 353 1658 ἅπαντές
393 1595 556 1664 ἐσμεν
609 1597 665 1648 οἳ
699 1594 744 1648 τ’
793 1595 997 1647 ἐνθάδε
1038 1594 1194 1646 κάκεῖ
1229 1601 1636 1659 κατοικοῦντες,
1682 1595 1815 1654 θεός

120 1705 175 1737 τε
217 1678 294 1747 εἷς
334 1684 393 1746 ὃς
431 1686 560 1746 τούς
589 1704 646 1736 τε
679 1683 975 1753 ἡμετέρους
1013 1685 1322 1751 προγόνους
1360 1680 1450 1734 καὶ
1490 1684 1618 1743 τοὺς
1657 1680 1814 1748 ὑμῶν

123 1773 303 1825 αὐτῶν
335 1775 653 1843 παρήγαγεν
687 1775 763 1835 εἰς
794 1775 891 1825 τὸν
923 1775 1069 1841 βίον·
1120 1772 1261 1839 <98>
1294 1767 1360 1823 οὗ
1392 1777 1486 1837 τῆς
1515 1772 1816 1839 θρησκείας

57 1882 100 1914 20
123 1860 498 1930 ἐπιμελεῖσθε,
552 1860 642 1913 καὶ
696 1864 997 1928 πολιτείας,
1051 1859 1120 1926 ἣν
1176 1859 1339 1920 αὐτὸς
1394 1859 1485 1909 διὰ
1541 1856 1815 1920 Μωυσέος

122 1947 349 2018 διέταξε,
388 1950 641 2019 φυλακὴν
674 1951 816 2019 ἔχετε
850 1950 950 2016 τὴν
982 1955 1183 2015 πᾶσαν,
1226 1948 1298 2009 ὡς
1330 1946 1680 2014 ἐμμενόντων
1714 1943 1814 2014 μὲν

121 2039 336 2099 τούτοις
366 2035 456 2090 καὶ
486 2046 584 2090 τοῦ
616 2042 755 2090 θεοῦ
787 2035 1117 2106 παρέξοντος
1149 2036 1353 2087 εὔνουν
1385 2031 1526 2086 εἶναι
1558 2032 1648 2085 καὶ
1681 2035 1815 2102 σύμ-

124 2145 299 2195 μαχον
348 2123 574 2194 ἑαυτόν,
628 2125 1003 2193 ἐκτραπέντων
1053 2123 1099 2176 δ’
1149 2125 1225 2185 εἰς
1266 2121 1466 2191 ἑτέρων
1507 2122 1691 2174 ἐθνῶν
1732 2125 1817 2190 μί-

125 2228 292 2283 μησιν
324 2212 888 2283 ἀποστραφησομένου
921 2215 981 2265 τὸ
1014 2211 1172 2279 γένος
1203 2211 1402 2280 ὑμῶν’
1482 2211 1625 2278 <99>
1659 2208 1810 2263 ταῦτ’

59 2321 101 2354 25
127 2303 322 2370 εἰπών,
368 2300 459 2353 καὶ
498 2298 626 2353 καθ’
674 2300 769 2353 ἕνα
808 2303 936 2362 τοὺς
975 2299 1036 2352 ἐν
1075 2299 1217 2352 τέλει
1256 2298 1345 2352 καὶ
1385 2307 1541 2368 κοινῇ
1583 2301 1642 2351 τὸ
1682 2303 1817 2366 πλῆ-

126 2396 230 2452 θος
282 2390 464 2442 αὐτῶν
505 2388 916 2456 ἀσπασάμενος,
966 2389 1129 2450 αὐτὸς
1177 2385 1277 2456 μὲν
1316 2387 1604 2456 ὑπέμεινε,
1650 2389 1820 2457 πρού-

127 2495 301 2547 πεμπε
344 2475 393 2529 δ’
442 2477 641 2538 αὐτοὺς
682 2477 709 2529 ὁ
750 2478 880 2539 λαὸς
920 2477 1020 2528 οὐκ
1060 2476 1354 2546 ἀδακρυτί,
1399 2475 1490 2528 καὶ
1531 2478 1688 2544 μόλις
1729 2475 1820 2527 ἀλ-

131 2568 316 2634 λήλων
358 2565 734 2633 ἀπελύθησαν.

242 2655 421 2721 <100>
450 2656 684 2722 διαβᾶσα
711 2649 771 2705 δὲ
806 2654 902 2705 τὸν
934 2655 1180 2721 ποταμὸν
1211 2653 1244 2720 ἥ
1278 2672 1331 2704 τε
1358 2650 1639 2720 Ῥουβηλὶς
1670 2654 1818 2721 φυλὴ
1854 2670 1909 2709 26

69 2762 111 2793 30
135 2741 226 2795 καὶ
265 2744 466 2810 Γαδίς,
512 2740 602 2794 καὶ
654 2741 774 2794 ὅσοι
820 2751 930 2794 τῶν
971 2745 1360 2809 Μανασσητῶν
1412 2741 1597 2802 αὐτοῖς
1645 2745 1825 2794 συνεί-

255 2847 279 2896 ἓ
315 2848 369 2888 99
398 2865 452 2879 =
479 2843 566 2886 Ios.
600 2842 729 2885 XXII
761 2848 799 2886 6.
