2052 3141
138 1585 165 1622 te>

192 111 300 164 302
809 111 1263 153 ΑΡΧΑΙΟΛΟΓΙΑΣ

192 250 358 298 λιτῶν
395 242 488 297 ὑπ’
536 244 796 314 ἀναρχίας
847 243 1026 297 ἐνόσει
1065 245 1380 313 πράγματα,
1427 243 1513 297 καὶ
1557 255 1629 316 τῷ
1671 247 1743 313 μὴ
1785 246 1876 297 διὰ

190 342 347 401 τιμῆς
385 335 539 400 ἄγειν
579 335 676 386 τὸν
713 334 851 386 θεὸν
891 330 1027 401 μηδὲ
1079 342 1192 395 τοῖς
1229 336 1420 401 νόμοις
1457 333 1758 386 ὑπακούειν
1799 335 1877 385 ἔτι

191 426 401 490 μᾶλλον
450 421 773 488 ἐκακοῦντο,
828 420 1009 487 <186>
1050 421 1122 482 ὡς
1168 424 1658 490 καταφρονήσαντα
1697 421 1878 474 αὐτῶν

190 519 286 578 τῆς
325 510 587 578 ἀκοσμίας
617 516 711 576 τῆς
741 510 875 561 κατὰ
905 510 1007 576 τὴν
1038 512 1318 561 πολιτείαν
1352 508 1596 577 Ἐγλῶνα
1633 512 1730 563 τὸν
1769 519 1879 562 τῶν

192 602 509 667 Μωαβιτῶν
564 595 789 666 βασιλέα
839 599 1080 664 πόλεμον
1129 599 1266 665 πρὸς
1312 597 1511 659 αὐτοὺς
1560 597 1880 665 ἐξενεγκεῖν,

189 685 284 739 καὶ
323 690 549 747 πολλαῖς
595 685 790 754 μάχαις
838 685 1019 736 αὐτῶν
1069 687 1412 753 κρατήσαντα
1451 683 1540 736 καὶ
1578 688 1707 748 τοὺς
1744 706 1881 755 φρο-

190 778 393 843 νήματι
443 783 553 826 τῶν
607 775 790 825 ἄλλων
840 771 1201 842 διαφέροντας
1247 772 1590 836 ὑποτάξαντα
1635 776 1770 842 πρὸς
1819 777 1879 827 τὸ

192 859 451 924 παντελὲς
498 861 679 914 αὐτῶν
719 863 819 929 τὴν
860 863 1098 929 δύναμιν
1138 871 1499 927 ταπεινῶσαι,
1545 859 1632 913 καὶ
1674 865 1882 930 φόρους

195 952 380 1013 αὐτοῖς
434 950 676 1013 ἐπιτάξαι
730 954 921 1002 τελεῖν.
1001 951 1179 1017 <187>
1231 951 1573 1017 καθιδρύσας
1627 947 1676 1002 δ’
1735 950 1880 1021 αὑτῷ

197 1040 256 1092 ἐν
302 1037 622 1108 Ἱεριχοῦντι
673 1041 988 1106 βασίλειον,
1051 1034 1216 1091 οὐδὲν
1271 1046 1364 1105 τῆς
1425 1040 1501 1100 εἰς
1555 1040 1614 1091 τὸ
1669 1043 1882 1106 πλῆθος

195 1130 482 1189 κακώσεως
520 1125 816 1196 παρέλιπεν
856 1132 932 1188 εἴς
970 1146 1025 1178 τε
1065 1129 1259 1179 πενίαν
1300 1127 1499 1188 αὐτοὺς
1538 1125 1882 1194 κατέστησεν,

196 1219 272 1278 εἰς
323 1213 670 1268 ὀκτωκαίδεκ’
729 1217 834 1282 ἔτη.
914 1216 1100 1282 λαβὼν
1157 1212 1204 1265 δ’
1265 1211 1449 1267 οἶκτον
1506 1215 1533 1267 ὁ
1589 1217 1720 1276 θεὸς
1774 1225 1882 1267 τῶν

191 1302 540 1373 Ἰσραηλιτῶν
583 1301 666 1371 ἐφ’
715 1295 797 1364 οἷς
837 1305 1093 1371 ἔπασχον,
1133 1301 1217 1354 καὶ
1261 1312 1375 1364 ταῖς
1416 1303 1662 1364 ἱκετείαις
1701 1302 1883 1355 αὐτῶν

197 1393 562 1458 ε’πικλασθείς,
595 1390 864 1458 ἀπήλλαξε
899 1398 991 1458 τῆς
1022 1391 1128 1444 ὑπὸ
1162 1401 1274 1452 τοῖς
1305 1394 1628 1459 ,Μωαβίταις
1658 1391 1882 1459 ὕβρεως.

195 1482 664 1549 ἠλευθερώθησαν
707 1477 764 1532 δὲ
807 1487 879 1551 τῷ
922 1482 1103 1551 τρόπῳ
1143 1481 1333 1551 τούτῳ.

315 1571 493 1636 <188>
547 1576 638 1635 τῆς
689 1570 1071 1636 Βενιαμίτιδος
1122 1573 1297 1637 φυλῆς
1351 1571 1598 1630 νεανίας,
1648 1565 1885 1637 Ἠούδης

199 1655 298 1726 μὲν
338 1658 582 1725 τοῦνομα
624 1658 773 1724 Γηρά
816 1654 874 1708 δὲ
914 1659 1134 1723 πατρός,
1174 1660 1444 1724 τολμῆσαί
1479 1655 1520 1708 τ’
1569 1656 1884 1724 ἀνδρειότα-

201 1767 291 1807 τος
331 1744 420 1797 καὶ
472 1753 544 1816 τῷ
588 1747 792 1813 σώματι
841 1747 975 1812 πρὸς
1015 1741 1184 1812 τᾶργα
1225 1748 1530 1813 χρήσασθαι
1576 1747 1884 1797 δυνατώτα-

199 1855 308 1901 τος,
347 1844 456 1886 τῶν
497 1844 694 1903 χειρῶν
742 1835 840 1901 τὴν
893 1833 1184 1901 ἀριστερὰν
1226 1833 1466 1902 ἀμείνων
1506 1832 1629 1885 κάπ’
1678 1833 1886 1901 ἐκείνης

198 1925 297 1990 τὴν
346 1925 561 1974 ἅπασαν
619 1925 778 1991 ι’σχὺν
829 1925 998 1991 ἔχων,
1045 1920 1268 1994 κατςόκει
1322 1919 1420 1989 μὲν
1473 1921 1532 1974 ἐν
1564 1920 1881 1990 Ἱεριχοῦντι

201 2010 288 2063 καὶ
330 2011 510 2073 αὐτός,
551 2013 729 2077 (189)
764 2014 1012 2079 συνήθης
1047 2008 1103 2062 δὲ
1139 2015 1338 2077 γίνεται
1383 2018 1456 2080 τῷ
1494 2008 1740 2077 Ἐγλῶνι,
1781 2011 1884 2061 δω-

202 2109 349 2167 ρεαῖς
381 2099 547 2152 αὐτὸν
580 2101 907 2167 θεραπεύων
940 2098 1024 2150 καὶ
1064 2099 1448 2167 ὑπερχόμενος.
1488 2099 1559 2159 ὡς
1592 2100 1682 2149 διὰ
1722 2107 1882 2150 τοῦτο

202 2187 290 2239 καὶ
331 2197 443 2249 τοῖς
482 2187 603 2255 περὶ
653 2190 748 2240 τὸν
788 2186 1013 2255 βασιλέα
1052 2192 1327 2255 προσφιλῆ
1370 2187 1659 2255 τυγχάνειν
1699 2187 1882 2238 αὐτόν.

203 2277 380 2343 <190>
422 2280 515 2328 καί
557 2294 684 2328 ποτε
733 2279 837 2327 σὺν
886 2275 1047 2327 δυσὶν
1100 2275 1330 2337 οἰκέταις
1370 2277 1518 2341 δῶρα
1558 2282 1630 2345 τῷ
1672 2278 1888 2342 βασιλεῖ

1907 1057 1948 1088 10

1909 1497 1949 1529 15

1908 1940 1950 1971 ‘20

203 2363 388 2432 φέρων
423 2366 664 2432 ξιφίδιον
700 2366 881 2432 κρύφα
920 2372 992 2435 τῷ
1036 2366 1194 2435 δεξιῷ
1238 2363 1411 2416 σκέλει
1453 2364 1885 2431 περιδησάμενος
1908 2380 1950 2411 ‘25

204 2450 373 2522 εἰσῄει
414 2455 548 2518 πρὸς
588 2452 778 2504 αὐτόν·
822 2453 934 2519 ὥρα
968 2451 1014 2504 δ’
1060 2450 1124 2519 ἧν
1163 2452 1385 2520 θέρους.
1425 2450 1509 2503 καὶ
1555 2460 1645 2518 τῆς
1690 2449 1886 2518 ἡμέρας

209 2542 308 2608 ἤδη
350 2542 619 2608 μεσούσης
659 2540 875 2592 ἀνεῖντο
909 2542 970 2592 αι’
1004 2544 1262 2608 φυλακαί,
1304 2541 1407 2593 ὑπό
1450 2560 1501 2592 τε
1545 2548 1641 2592 τοῦ
1682 2540 1885 2606 καύμα-

205 2649 295 2689 τος
335 2626 421 2680 καὶ
462 2631 596 2695 πρὸς
645 2630 869 2695 ἄριστον
918 2627 1313 2696 τετραμμένων.
1392 2629 1571 2694 <1811>
1614 2630 1745 2689 δοὺς
1784 2622 1885 2679 οὖν

206 2717 268 2766 τὰ
311 2718 458 2783 δῶρα
512 2725 582 2786 τῷ
621 2713 842 2782 Ἐγλῶνι
889 2716 916 2767 ὁ
962 2719 1243 2778 νεανίσκος
1283 2714 1540 2785 (διέτριβε
1583 2713 1630 2768 δ’
1679 2718 1737 2766 ἔν
1779 2735 1880 2766 τινι

208 2805 459 2875 δωματίῳ
494 2806 681 2866 δεξιῶς
710 2807 845 2871 πρὸς
869 2803 1034 2871 θέρος
1059 2806 1260 2873 ε”χοντιἺ
1303 2807 1437 2870 πρὸς
1477 2804 1694 2870 ὁμιλίαν
1735 2802 1885 2869 ε’τριὲ-

326 2909 348 2953 ξ
387 2909 467 2945 18⁴3
496 2925 544 2939 =
575 2903 712 2946 ludio.
749 2904 806 2945 Ill
848 2911 911 2947 13.

1910 2818 1953 2849 80

1986 211 1994 238 1
