1975 3111
907 105 1115 147 ΠΡΩΤΗ
1788 104 1854 156 37

165 253 293 306 τησε
349 235 399 290 δ’
446 238 593 309 αὐτῷ
637 239 665 292 ὁ
715 247 823 291 τῶν
871 240 1199 306 Σοδομιτῶν
1253 241 1511 307 βασιλεὺς
1560 240 1637 301 εἰς
1688 242 1856 292 τόπον

165 327 288 379 τινὰ
328 325 393 378 ὃν
432 331 662 380 καλοῦσι
696 328 908 380 Πεδίον
949 330 1258 395 βασιλικόν·
1301 327 1481 396 <180>
1516 329 1655 380 ἔνθα
1695 328 1723 381 ὁ
1764 337 1858 396 τῆς

165 418 397 482 Σολυμᾶ
442 416 652 476 πόλεως
697 413 1021 484 ὑποδέχεται
1068 418 1326 483 βασιλεὺς
1377 416 1546 468 αὐτὸν
1586 419 1857 485 ὦΜελχισε-

167 500 339 570 δέκης.
419 506 671 571 σημαίνει
705 500 765 555 δὲ
801 512 961 556 τοῦτο
995 507 1253 572 βασιλεὺς
1287 505 1516 566 δίκαιος·
1557 503 1647 556 καὶ
1687 501 1756 572 ἧν
1798 502 1858 557 δὲ

121 605 140 638 5
164 599 412 653 τοιοῦτος
445 589 917 660 ὁμολογουμένως,
958 592 1029 654 ὡς
1062 593 1153 644 διὰ
1185 593 1387 660 ταύτην
1428 593 1596 646 αὐτὸν
1636 595 1735 661 τὴν
1777 595 1857 645 αι’-

164 682 287 732 τίαν
319 678 408 732 καὶ
443 678 587 747 ἱερέα
619 678 879 747 γενέσθαι
919 688 1016 733 τοῦ
1048 686 1202 733 θεοῦ.
1265 682 1365 749 τὴν
1406 680 1592 749 μέντοι
1627 686 1858 750 Σολυμᾶ

164 768 396 836 ὕστερον
452 767 717 821 ἐκάλεσαν
757 766 1126 837 Ἱεροσόλυμα.
1206 770 1387 836 (181)
1442 769 1739 839 ἐχορήγησε
1797 767 1857 822 δὲ

165 852 324 918 οὗτος
364 856 393 909 ὁ
433 854 843 925 4Μελχισεδέκης
890 864 962 928 τῷ
1002 854 1278 926 Ἀβράμου
1327 866 1535 929 στρατῷ
1579 856 1728 921 ξένια
1768 858 1858 911 καὶ

163 944 376 1011 πολλὴν
424 943 706 1012 ἀφθονίαν
755 954 864 997 τῶν
906 944 1228 1013 ἐπιτηδείων
1267 946 1528 1015 παρέσχε,
1582 945 1672 998 καὶ
1712 948 1858 1016 παρὰ

98 1048 139 1079 10
164 1034 264 1101 τὴν
311 1032 550 1102 εὐωχίαν
597 1032 766 1086 αὐτόν
814 1030 858 1085 τ’
908 1032 1152 1086 ἐπαινεῖν
1200 1034 1398 1102 ἤρξατο
1446 1033 1535 1086 καὶ
1583 1037 1679 1086 τὸν
1719 1037 1856 1087 θεὸν

164 1121 414 1189 εὐλογεῖν
469 1121 819 1191 ὑποχειρίους
873 1122 1020 1193 αὐτῷ
1078 1125 1382 1190 ποιήσαντα
1430 1126 1558 1184 τοὺς
1606 1122 1856 1193 ἐχθρούς.

159 1207 434 1279 Ἀβράμου
462 1207 521 1263 δὲ
560 1211 813 1272 διδόντος
845 1209 934 1263 καὶ
968 1212 1067 1278 τὴν
1102 1211 1333 1279 δεκάτην
1373 1219 1466 1279 τῆς
1506 1214 1652 1274 λειάς
1692 1212 1859 1284 αὐτῷ,

163 1296 523 1368 προσδέχεται
571 1300 670 1367 τὴν
720 1300 895 1352 δόσιν.
976 1300 1157 1366 <182>
1199 1300 1227 1352 ὁ
1271 1297 1331 1352 δὲ
1382 1310 1491 1352 τῶν
1531 1302 1860 1369 Σοδομιτῶν

164 1389 422 1455 βασιλεὺς
453 1388 553 1455 τὴν
583 1384 683 1455 μὲν
717 1390 868 1439 λείαν
903 1389 1046 1456 ἔχειν
1067 1385 1349 1456 ’Ἅβραμον
1381 1390 1692 1457 παρεκάλει,
1733 1393 1859 1452 τοὺς

98 1491 138 1522 15
167 1473 215 1528 δ’
263 1475 597 1544 ἀνθρώπους
636 1474 935 1543 ἀπολαβεῖν
978 1475 1160 1543 ἠξίου,
1201 1476 1296 1538 οὓς
1334 1478 1479 1545 παρὰ
1520 1487 1629 1530 τῶν
1664 1476 1858 1531 Ἀσσυ-

165 1567 301 1633 ρίων
358 1566 563 1616 ἔσωσεν
616 1565 852 1626 οἰκείους
907 1566 1082 1626 ὄντας.
1157 1562 1435 1633 ’Ἀβραμος
1487 1564 1534 1618 δ’
1599 1567 1701 1619 οὐκ
1756 1569 1857 1636 ἔφη

164 1661 324 1706 τοῦτο
379 1655 660 1720 ποιήσειν,
717 1650 835 1705 οὐδ’
898 1654 1071 1720 ἄλλην
1128 1651 1398 1722 ὠφέλειαν
1454 1654 1512 1707 ἐκ
1566 1663 1659 1723 τῆς
1712 1659 1860 1718 λείας

167 1741 378 1810 ἐκείνης
416 1743 493 1803 εἰς
533 1741 702 1794 αὐτὸν
740 1740 890 1808 ἥξειν
931 1743 1075 1809 πλὴν
1116 1741 1217 1794 ὅσα
1257 1744 1431 1811 τροφὴ
1473 1753 1585 1806 τοῖς
1624 1742 1858 1806 οἰκέταις

165 1830 336 1883 αὐτοῦ
377 1828 621 1898 γένοιτο,
669 1839 869 1899 μοῖραν
917 1828 1104 1898 μέντοι
1152 1832 1273 1883 τινὰ
1313 1841 1427 1894 τοῖς
1465 1836 1648 1901 φίλοις
1687 1832 1859 1885 αὐτοῦ

97 1933 140 1965 20
165 1917 399 1989 παρέσχε
439 1927 553 1981 τοῖς
587 1918 1164 1988 συστρατευσαμένοις.
1236 1917 1506 1989 Ἐσχώλης
1548 1919 1597 1973 δ’
1646 1922 1674 1975 ὁ
1714 1930 1859 1990 πρῶ-

162 2027 253 2069 τος
293 2006 534 2060 ἐκαλεῖτο
574 2006 665 2060 καὶ
690 2006 961 2077 ’Έννηρος
1000 2007 1088 2059 καὶ
1128 2011 1417 2077 ,Μαμβρῆς

275 2096 456 2163 (183)
491 2094 779 2158 ἐπαινέσας
811 2094 859 2148 δ’
901 2096 1071 2148 αὐτοῦ
1104 2097 1204 2164 τὴν
1237 2095 1436 2165 ἀρετὴν
1478 2097 1506 2150 ὁ
1539 2100 1670 2159 θεός
1712 2095 1847 2149 (ἀλλ’
1891 2133 1898 2144 -

164 2183 265 2236 οὐκ
320 2183 566 2246 ἀπολεῖς’
622 2188 763 2253 φησί
815 2184 1079 2253 (μισθοὺς
1135 2184 1230 2246 οὓς
1285 2184 1439 2247 ἄξιόν
1496 2185 1613 2238 ε’στί
1660 2199 1718 2237 σε
1771 2184 1857 2237 ἐπὶ

163 2274 439 2335 τοιαύταις
471 2273 791 2343 εὐπραγίαις
822 2273 1183 2341 κομίζεσθαιῖ
1262 2282 1360 2326 τοῦ
1394 2272 1441 2326 δ’
1482 2274 1858 2342 ὑπολαβόντος

97 2373 138 2405 25
163 2359 254 2413 καὶ
294 2363 373 2423 τίς
412 2359 481 2412 ἂν
521 2366 603 2428 εἴη
644 2362 798 2430 χάρις
838 2363 1048 2414 τούτων
1089 2371 1197 2414 τῶν
1238 2368 1487 2430 μισθῶν,
1539 2363 1638 2415 οὐκ
1679 2364 1856 2414 ὄντων

165 2452 223 2502 οἳ
259 2447 602 2512 διαδέξονται
641 2447 754 2517 μετ’
801 2449 995 2513 αὐτόν;
1039 2450 1140 2519 (ἔτι
1173 2452 1276 2520 γὰρ
1311 2447 1379 2519 ἧν
1412 2450 1615 2520 ἄπαις),
1657 2451 1684 2504 ὁ
1724 2453 1857 2512 θεὸς

162 2536 252 2590 καὶ
284 2534 434 2590 παῖδ’
476 2537 621 2608 αὐτῷ
661 2540 994 2606 γενήσεσθαι
1028 2537 1380 2606 καταγγέλλει
1419 2538 1509 2590 καὶ
1548 2541 1758 2607 πολλὴν
1801 2539 1853 2602 ἐξ

164 2625 379 2678 ἐκείνου
427 2625 656 2694 γενεάν,
713 2626 786 2688 ὡς
834 2630 1220 2695 παραπλησίαν
1272 2627 1444 2695 αὐτὴν
1484 2636 1596 2689 τοῖς
1635 2629 1856 2697 ἄστροις

163 2717 388 2767 ἔσεσθαι
427 2716 522 2767 τὸν
563 2713 820 2784 ἀριθμόν.
898 2715 1079 2782 <184>
1106 2713 1195 2766 καὶ
1229 2713 1256 2766 ὃ
1291 2711 1391 2782 μὲν
1424 2714 1570 2768 ταῦτ’
1619 2715 1857 2778 ἀκούσας

96 2816 139 2847 30
161 2805 369 2856 θυσίαν
409 2801 708 2873 προσφέρει
747 2811 820 2874 τςό
863 2808 1010 2874 θεῷ,
1050 2801 1367 2865 κελευσθεὶς
1405 2802 1496 2856 ὑπ’
1544 2804 1729 2858 αὐτοῦ.
1784 2801 1855 2872 ἦν

283 2907 307 2957 ἓ
342 2908 426 2948 180
452 2926 507 2940 =
533 2903 644 2948 Gen.
678 2903 785 2946 XIV
820 2909 886 2948 18.
