2052 3141
836 68 1111 109 TETAPTH
1707 65 1812 118 207

126 203 258 271 ἡμῖν
297 209 396 254 τοῦ
434 206 600 269 θεοῦ,
639 201 984 252 παντάπασιν
1025 199 1331 268 ἀλόγιστον.
1409 210 1590 270 κρινεῖ
1623 203 1815 254 τοίνυν

127 291 292 344 πάλιν
362 289 525 352 αὐτὸς
589 292 711 341 τίνα
775 290 1031 357 βούλεται
1094 290 1188 351 τὰς
1250 287 1386 359 ὑπὲρ
1448 290 1604 358 ὑμῶν
1667 289 1813 361 αὐτῷ

127 382 329 441 θυσιάς
369 377 633 430 ἐπιτελεῖν
680 376 770 429 καὶ
809 378 1139 446 προεστάναι
1180 385 1272 445 τῆς
1312 378 1611 446 εὐσεβείας”
1670 379 1813 446 <32>

127 469 332 520 ἄτοπον
365 466 468 535 γὰρ
501 468 712 535 Κορῆν,
752 464 1042 534 ἐφιέμενον
1075 472 1168 532 τῆς
1207 456 1380 534 τιμῆς,
1421 467 1520 534 τὴν
1562 466 1815 529 ἐξουσίαν

84 563 225 608 5τοῦ
279 557 388 608 τίνι
442 555 692 624 παράσχῃ
747 555 952 622 ταύτην
999 552 1302 623 ἀφελέσθαι
1350 556 1445 607 τὸν
1492 558 1645 607 θεόν.
1723 563 1817 623 τῆς

127 639 229 697 οὖν
286 644 524 705 στάσεως
577 641 666 695 καὶ
718 650 811 710 τῆς
868 643 958 695 διὰ
1005 651 1165 696 τοῦτο
1222 650 1456 712 ταραχῆς
1506 644 1815 712 παύσασθε,

124 731 243 803 πρῷ
288 729 337 784 δ’
371 732 493 785 ὅσοι
524 739 617 799 τῆς
652 733 954 800 ἱερωσύνης
985 730 1379 799 ἀντιποιεῖσθε,
1419 734 1655 800 κομίζων
1697 732 1816 785 ἕκα-

127 834 251 882 στος
300 822 669 888 θυμιατήριον
726 825 953 872 οἴκοθεν
1011 823 1115 872 σὺν
1170 821 1483 889 θυμιάμασι
1538 819 1627 873 καὶ
1682 820 1817 891 πυρὶ

124 908 329 978 πάριτε.
392 908 536 975 <33>
567 906 658 959 καὶ
692 909 760 959 σὺ
794 906 873 975 δέ,
914 911 1086 978 Κορῆ,
1126 911 1523 979 παραχωρήσας
1562 911 1662 977 τὴν
1701 913 1816 980 κρί-

63 1015 103 1046 10
127 1011 216 1048 σιν
255 1003 328 1066 τῷ
371 1001 485 1066 θεῷ
528 997 626 1064 τὴν
667 994 753 1047 ἐπὶ
793 997 1009 1058 τούτοις
1059 996 1229 1050 αὐτοῦ
1270 995 1396 1064 μένε
1437 1002 1816 1067 ψηφοφορίαν,

127 1084 264 1137 ἀλλὰ
303 1085 375 1152 μὴ
418 1086 620 1137 σαυτὸν
659 1087 803 1137 ποιέι
842 1093 941 1137 τοῦ
980 1090 1120 1138 θεοῦ
1158 1088 1462 1154 κρείττονα,
1501 1095 1817 1155 παραγενοῦ

128 1170 188 1225 δὲ
234 1176 638 1242 κριθησόμενος
693 1174 835 1226 οὕτω
891 1173 1014 1242 περὶ
1070 1183 1169 1227 τοῦ
1216 1173 1401 1243 γέρως.
1481 1174 1816 1243 ἀνεμέσητον

128 1258 176 1313 δ’
225 1257 374 1329 οἶμαι
414 1260 504 1313 καὶ
536 1260 784 1332 Ἀαρῶνα
833 1262 1242 1331 προσδέξασθαι
1284 1267 1818 1333 συγκριθησόμενον,

127 1348 324 1417 γένους
378 1346 478 1418 μὲν
534 1352 664 1403 ὄντα
711 1351 946 1419 ταύτοῦ,
999 1349 1171 1420 μηδὲν
1221 1349 1280 1403 δὲ
1332 1357 1653 1420 μεμφθῆναι
1704 1362 1818 1415 τοῖς

64 1456 104 1488 15
127 1439 272 1508 παρὰ
312 1439 412 1506 τὴν
462 1439 769 1508 ἱερωσύνην
815 1438 1216 1508 πεπραγμένοις
1268 1442 1594 1508 δυνάμενον.
1673 1441 1818 1509 <34>

127 1527 434 1594 θυμιάσατε
475 1523 577 1580 οὖν
612 1527 869 1589 ἐλθόντες
902 1528 961 1580 ἐν
999 1537 1220 1600 φανερῷ
1255 1528 1415 1581 παντὶ
1450 1537 1523 1600 τῷ
1551 1534 1687 1600 λαῷ·
1727 1528 1818 1581 καὶ

127 1615 503 1684 θυμιωμένων
542 1616 724 1684 ὑμῶν,
773 1612 940 1685 οὗπερ
982 1616 1050 1669 ἂν
1090 1618 1190 1685 τὴν
1228 1620 1437 1669 θυσίαν
1477 1617 1614 1685 ἡδίω
1656 1620 1816 1687 κρίνῃ

130 1705 158 1757 ὁ
198 1707 358 1773 θεός,
416 1701 576 1767 οὗτος
613 1705 748 1773 ὑμῖν
792 1706 966 1775 ἱερεὺς
1005 1706 1555 1775 κεχειροτονήσεται·’
1597 1713 1689 1773 τῆς
1730 1704 1817 1758 ἐπὶ

128 1791 380 1864 τάδελφῷ
437 1795 697 1862 διαβολῆς
749 1794 820 1856 ὡς
868 1793 1262 1864 κεχαρισμένου
1311 1796 1411 1862 τὴν
1458 1796 1619 1863 τιμὴν
1668 1795 1815 1867 αὐτῷ

62 1898 104 1929 20
130 1880 414 1950 ῥυόμενος.

239 1970 383 2038 <35>
430 1979 599 2023 ταῦτα
652 1970 926 2032 Μωυσέος
976 1973 1255 2039 εἰπόντος,
1309 1972 1537 2023 παύεται
1584 1970 1674 2024 καὶ
1724 1980 1819 2041 τῆς

127 2066 361 2128 ταραχῆς
398 2061 459 2113 τὸ
498 2064 712 2128 πλῆθος
749 2059 838 2112 καὶ
879 2067 972 2128 τῆς
1011 2063 1087 2122 είς
1128 2063 1380 2128 Μωυσῆν
1419 2061 1670 2124 ὑποψίας.
1729 2060 1819 2113 ἐπ-

131 2145 361 2199 ένευσαν
413 2145 473 2200 δὲ
528 2159 641 2211 τοῖς
696 2148 1024 2218 εἰρημένοις·
1081 2148 1171 2201 καὶ
1218 2151 1320 2218 γὰρ
1372 2145 1442 2217 ἦν
1496 2148 1587 2201 καὶ
1640 2149 1818 2202 ἐδόκει

128 2235 333 2303 χρηστὰ
380 2243 453 2306 τῷ
497 2241 626 2307 λαῷ.
704 2239 822 2289 τότε
865 2234 963 2305 μὲν
1012 2233 1114 2290 οὗν
1157 2238 1446 2290 διαλύουσι
1485 2239 1581 2290 τὸν
1623 2239 1818 2290 σύλλο-

63 2338 104 2370 25
130 2343 249 2390 γον,
288 2331 351 2392 τῇ
388 2322 437 2375 δ’
477 2324 704 2394 ἐπιούσῃ
739 2330 1025 2393 συνῆλθον
1057 2328 1134 2388 εἰς
1166 2328 1264 2394 τὴν
1298 2326 1607 2394 ἐκκλησίαν,
1647 2344 1818 2394 παρα-

129 2410 446 2480 τευξόμενοι
477 2420 540 2481 τῃ
572 2416 746 2484 θυσίᾳ
789 2413 879 2466 καὶ
919 2422 981 2483 τῆ
1024 2412 1095 2466 δι’
1127 2415 1293 2482 αὐτῆς
1331 2418 1505 2484 κρίσει
1545 2423 1655 2467 τῶν
1694 2413 1820 2484 περὶ

129 2507 222 2567 τῆς
272 2501 572 2570 ἱερωσύνης
620 2501 1051 2570 ἀγωνιζομένων.
1129 2504 1272 2571 <36>
1314 2502 1602 2571 συνέβαινε
1645 2500 1698 2554 δ’
1745 2499 1819 2555 εἷ-

128 2608 219 2640 ναι
258 2590 560 2658 θορυβώδη
609 2591 708 2658 τὴν
750 2590 1067 2659 ἐκκλησίαν,
1115 2594 1389 2661 μετεώρου
1430 2601 1528 2645 τοῦ
1567 2594 1820 2660 πλήθους

130 2678 287 2751 ὄντος
326 2675 407 2729 ἐπ’
455 2677 636 2730 ἐλπίδι
677 2688 785 2731 τῶν
819 2678 1117 2748 ἐσομένων,
1157 2679 1247 2732 καὶ
1286 2690 1395 2733 τῶν
1436 2677 1535 2749 μὲν
1576 2682 1652 2743 είς
1689 2681 1819 2748 ἡδο-

64 2779 107 2811 30
129 2766 235 2833 νὴν
289 2769 686 2834 λαμβανόντων
741 2770 791 2820 εί
835 2771 1083 2837 Μωυσῆς
1139 2769 1423 2839 ἐλεγχθείη
1475 2778 1817 2839 κακουργῶν,

249 2871 272 2919 ξ
306 2871 360 2909 32
388 2889 443 2902 =
467 2867 604 2911 Num.
638 2868 744 2910 XVI
777 2874 815 2912 6.

1844 1968 1876 2019 02
