2052 3141
858 75 1038 115 TPITH
1688 69 1795 123 195

103 215 332 265 Λευῖται
374 207 435 263 δὲ
466 208 590 280 περὶ
622 211 722 278 τὴν
754 208 962 276 σκηνὴν
1001 207 1199 269 πάντες
1239 203 1393 275 ἦσαν.
1474 206 1652 274 <294>
1685 207 1798 274 τρί-

103 320 200 354 τον
256 297 316 353 δὲ
371 301 718 368 σημήναντος
772 299 830 350 τὸ
887 297 1020 348 κατὰ
1080 299 1230 364 λίβα.
1263 293 1632 364 τετραμμένον
1688 303 1797 346 τῶν

106 389 498 458 ἐσκηνωκότων
553 384 716 456 μέρος
773 384 1039 452 ἐκινεῖτο,
1091 383 1181 436 καὶ
1239 382 1496 449 τέταρτον
1551 384 1611 435 τὸ
1662 383 1798 434 κατὰ

104 481 328 547 βορρᾶν.
392 485 508 538 ταῖς
540 472 602 527 δὲ
633 474 898 543 βυκάναις
931 473 1167 543 ἐχρῶντο
1193 470 1283 524 καὶ
1310 471 1396 524 ε’πὶ
1429 481 1545 533 ταῖς
1586 471 1799 540 ιἐρουρ-

61 569 281 633 ὄγίαις,
340 566 497 635 [πρὸς
551 556 654 629 αἷς]
711 562 1081 631 προσάγοντες
1128 562 1220 623 τὰς
1266 563 1493 627 θυσίας,
1548 558 1638 611 καὶ
1686 568 1799 621 τοῖς

106 654 398 722 σαββάτοις
429 650 518 705 καὶ
551 660 666 713 ταῖς
698 655 911 712 λοιπαῖς
943 649 1182 718 ἡμέραις.
1236 650 1366 701 θύει
1401 645 1462 700 δὲ
1493 651 1613 701 τότε
1653 657 1799 717 πρῶ-

103 762 200 796 τον
235 742 367 810 μετὰ
398 742 499 809 τὴν
533 739 883 809 ἀναχώρησιν
925 740 1025 806 τὴν
1067 738 1119 801 ἐξ
1147 739 1435 805 Αἰγύπτου
1476 738 1575 805 τὴν
1603 738 1799 806 Πάσχα

105 828 406 898 λεγομένην
448 827 535 881 ἐπὶ
574 836 666 896 τῆς
706 828 928 896 ἐρήμου.

214 919 394 986 <295>
419 916 508 970 καὶ
533 919 709 986 βραχὺ
737 917 1006 968 διαλιπὼν
1041 914 1400 967 ἀπανίσταται
1434 922 1532 967 τοῦ
1559 917 1794 967 Σιναίου
1819 914 1885 966 13

39 1022 81 1053 10
105 1009 288 1076 ὄρους,
326 1004 416 1059 καὶ
455 1008 657 1068 τόπους
688 1005 840 1066 τινὰς
881 1003 1132 1072 ἀμείψας,
1171 1002 1296 1073 περὶ
1337 998 1414 1055 ὧν
1456 1003 1796 1070 δηλώσομεν,

105 1101 182 1158 εἴς
232 1115 282 1148 τι
332 1097 537 1165 χωρίον
582 1091 868 1163 Ἐσερμὼθ
920 1095 1219 1161 λεγόμενον
1271 1098 1468 1160 παρῆν.
1546 1089 1704 1142 κάκεῖ
1738 1092 1798 1142 τὸ

105 1188 319 1252 πλῆθος
349 1184 517 1236 πάλιν
558 1182 863 1246 στασιάζειν
904 1183 1124 1251 ἄρχεται
1163 1179 1254 1232 καὶ
1293 1182 1390 1234 τὸν
1423 1182 1678 1247 ὦΜωυσῆν
1720 1180 1800 1229 αι’-

107 1278 333 1326 τιᾶσθαι
371 1282 481 1325 τῶν
520 1291 575 1323 τε
617 1272 751 1324 κατὰ
797 1272 897 1339 τὴν
939 1270 1250 1338 ἀποδημίαν
1292 1269 1436 1340 αὐτῷ
1479 1265 1800 1337 πεπειραμέ-

107 1382 248 1429 νων,
290 1361 471 1428 <296>
508 1358 598 1412 καὶ
635 1360 716 1412 ὅτι
755 1367 852 1426 γῆς
899 1358 1099 1420 αὐτοὺς
1132 1357 1345 1425 ἀγαθῆς
1377 1360 1667 1418 πείσαντος
1707 1356 1801 1407 ἀπ-

45 1466 84 1497 15
109 1456 412 1517 αναστῆναι
451 1449 551 1516 τὴν
592 1444 692 1516 μὲν
734 1445 1096 1514 ἀπολέσειαν,
1152 1444 1274 1498 ἀντὶ
1323 1444 1373 1497 δ’
1429 1441 1491 1513 ἧς
1536 1442 1799 1514 ὑπέσχετο

108 1535 362 1606 παρέξειν
402 1537 783 1604 εὐδαιμονίας,
825 1535 883 1587 ἐν
924 1536 1143 1596 ταύταις
1182 1533 1421 1586 ἀλῶνται
1462 1542 1580 1595 ταῖς
1618 1537 1801 1585 ταλαι-

108 1630 357 1696 πωριάις,
395 1626 596 1687 ὕδατος
621 1622 720 1693 μὲν
747 1627 1115 1691 σπανίζοντες,
1155 1625 1206 1675 ει’
1237 1620 1296 1675 δὲ
1328 1621 1418 1675 καὶ
1452 1624 1552 1691 τὴν
1585 1622 1800 1691 μάνναν

110 1715 380 1768 ἐπιλιπεῖν
422 1716 681 1782 συμβαιή,
721 1711 908 1766 τέλεον
949 1712 1335 1780 ἀπολούμενοι.
1414 1712 1594 1779 <297>
1625 1712 1802 1764 πολλὰ

112 1801 159 1856 δ’
207 1805 284 1865 εἰς
322 1805 419 1856 τὸν
459 1804 636 1872 ἄνδρα
675 1800 766 1854 καὶ
808 1803 962 1854 δεινὰ
1004 1804 1311 1868 λεγόντων,
1359 1792 1437 1862 εἷς
1478 1801 1545 1867 δή
1586 1820 1666 1861 τις
1706 1799 1803 1851 αὐ-

44 1908 87 1940 20
109 1901 223 1954 τοῖς
252 1889 486 1962 παρῄνει
512 1894 643 1959 μήτε
667 1888 942 1953 Μωυσέος
965 1889 1056 1942 καὶ
1081 1899 1190 1942 τῶν
1223 1887 1620 1957 πεπονημένων
1654 1888 1800 1959 αὐτῷ

109 1978 233 2049 περὶ
272 1986 366 2048 τῆς
403 1987 590 2048 κοινῆς
638 1982 904 2048 σωτηρίας
945 1978 1314 2047 ἀμνημονεῖν,
1363 1974 1482 2046 μήτ’
1531 1976 1803 2044 ἀπογινώ-

113 2082 263 2122 σκειν
301 2076 396 2137 τῆς
436 2068 495 2121 ἐκ
535 2076 633 2122 τοῦ
679 2074 819 2121 θεοῦ
860 2071 1136 2136 βοηθείας.
1214 2069 1274 2120 τὸ
1317 2064 1376 2118 δὲ
1415 2070 1629 2133 πλῆθος
1667 2068 1804 2135 πρὸς

110 2166 271 2211 τοῦτο
331 2162 540 2226 μᾶλλον
589 2156 898 2225 ἐκεκίνητο,
953 2155 1043 2209 καὶ
1089 2159 1418 2226 θορυβῆσαν
1467 2156 1544 2206 ἔτι
1593 2158 1803 2222 μᾶλλον

111 2247 246 2314 πρὸς
269 2247 365 2298 τὸν
389 2249 644 2313 4Μωυσῆν
670 2244 986 2298 ἐπετείνετο.
1050 2246 1230 2313 <298>
1256 2247 1507 2311 Μωυσῆς
1541 2239 1601 2294 δὲ
1633 2261 1804 2310 παρα-

46 2349 88 2381 25
112 2321 418 2404 θαρρύνων
457 2334 657 2396 αὐτοὺς
698 2334 872 2396 οὕτως
911 2333 1320 2401 ἀπεγνωκότας,
1358 2331 1648 2401 ὑπέσχετο,
1688 2334 1803 2383 καί-

112 2441 211 2491 περ
245 2424 480 2491 αἰσχρῶς
510 2419 602 2475 ὑπ’
641 2422 823 2475 αὐτῶν
855 2421 1332 2491 περιυβρισμένος,
1371 2425 1585 2489 πλῆθος
1617 2419 1804 2481 αὐτοῖς

112 2509 366 2581 παρέξειν
406 2519 610 2580 κρεῶν,
657 2510 758 2563 οὐκ
805 2512 882 2573 εἰς
922 2514 1052 2579 μίαν
1091 2509 1299 2579 ἡμέραν
1341 2506 1459 2561 ἀλλ’
1508 2509 1584 2570 εἰς
1621 2510 1802 2560 πλείο-

111 2620 225 2662 νας.
302 2599 682 2651 ἀπιστούντων
730 2596 778 2650 δ’
829 2598 915 2651 ἐπὶ
963 2600 1163 2671 τούτῳ,
1210 2602 1305 2650 καί
1347 2618 1496 2659 τινος
1536 2594 1803 2666 ἐρομένου

112 2690 290 2741 πόθεν
330 2687 399 2740 ἂν
438 2688 725 2749 τοσαύταις
764 2688 1084 2757 εὐπορήσειε
1134 2687 1360 2757 μυριάσι
1400 2695 1510 2739 τῶν
1548 2703 1803 2755 προειρη-

46 2790 90 2822 30
115 2775 323 2845 μένων,
372 2775 428 2829 ξὁ
467 2775 624 2838 θεός’
667 2772 782 2828 εἷπε
827 2775 1029 2844 “κάγώ,
1076 2779 1251 2829 καίτοι
1291 2785 1469 2837 κακῶς
1508 2773 1803 2834 ἀκούοντες

232 2882 256 2931 ἓ
291 2882 375 2921 294
402 2900 457 2913 =
482 2876 618 2920 Num.
651 2876 713 2919 IX
749 2882 786 2920 1.
911 2882 933 2930 ξ
967 2882 1052 2921 296
1079 2899 1133 2914 =
1158 2876 1295 2920 Num.
1328 2876 1392 2919 XI
1424 2880 1463 2919 ὃ.

1448 2950 1535 2993 13*
