2052 3141
114 598 133 631 5

93 1040 134 1071 10

93 1480 134 1512 15

92 1920 135 1953 20

93 2360 134 2392 25

93 2801 135 2832 30

870 96 1143 137 TETAPTH
1738 93 1846 145 229

161 231 351 283 στάσιν
390 230 575 292 αὐτοῖς
613 232 755 282 πολὺ
796 232 959 298 χείρω
1000 236 1093 296 τῆς
1132 227 1398 299 προτέρας
1438 227 1718 297 ἐμπεσεῖν,
1758 226 1848 279 καὶ

158 321 425 372 κίνδυνον
485 321 788 379 παντελοῦς
850 326 959 369 τῶν
1030 318 1189 370 ι’δίων
1253 317 1499 385 ἐθισμῶν
1563 315 1847 377 ἀπωλείας.

159 406 296 470 ἅπαξ
337 408 440 477 γὰρ
480 409 540 460 τὸ
580 404 710 459 νέον
742 405 1083 474 γευσάμενον
1123 405 1352 469 ξενικῶν
1392 405 1640 474 ἐθισμῶν
1679 402 1849 471 ἀπλή-

161 510 299 558 στως
360 495 541 548 αὐτῶν
597 493 949 563 ἐνεφορεῖτο,
1010 492 1101 546 καὶ
1155 499 1210 546 εἴ
1256 513 1400 557 τινες
1453 502 1563 546 τῶν
1617 494 1848 562 πρώτων

159 583 381 653 ἀνδρῶν
425 584 516 636 διὰ
558 581 808 652 πατέρων
857 582 1048 652 ἀρετὰς
1092 581 1374 651 ἐπιφανεῖς
1419 578 1591 650 ἦσαν,
1632 581 1848 633 συνδιε-

157 674 475 741 φθείροντο.
559 671 740 739 <141>
787 668 878 722 καὶ
935 673 1215 739 Ζαμβρίας
1266 671 1293 724 ὁ
1345 678 1437 738 τῆς
1491 670 1849 738 Συμεωνίδος

157 760 462 829 ἡγούμενος
493 764 690 828 φυλῆς,
731 761 943 829 Χοσβίᾳ
977 759 1163 811 συνὼν
1195 760 1581 826 ᾸΜαδιανίτιδι,
1622 759 1848 827 Σούρου

155 846 396 917 θυγατρὶ
434 856 544 899 τῶν
585 847 764 917 ἐκείνῃ
799 848 1231 908 δυναστεύοντος
1271 846 1492 916 ἀνδρός,
1532 844 1851 908 κελευσθεὶς

155 936 263 989 ὑπὸ
303 943 398 1003 τῆς
428 937 689 1002 γυναικὸς
719 937 825 1004 πρὸ
858 943 968 986 τῶν
994 937 1232 986 Μωυσεῖ
1262 933 1580 1004 δοχθέντων
1613 937 1674 988 τὸ
1714 936 1851 1004 πρὸς

157 1024 368 1092 ἡδονὴν
401 1023 537 1092 αὐτῇ
571 1025 967 1091 γενησόμενον,
1008 1021 1343 1091 ἐθεράπευεν
1377 1023 1549 1091 αὐτὴν
1590 1023 1656 1075 οὐ
1688 1023 1849 1074 θύων

157 1113 222 1164 τὰ
268 1112 467 1181 πάτρια
513 1110 604 1164 καὶ
650 1111 828 1180 γάμον
876 1109 1111 1179 ἠγμένος
1161 1110 1495 1180 ἀλλόφυλον.
1573 1112 1751 1178 <142>
1791 1110 1850 1163 ἐν

158 1201 372 1262 τούτοις
412 1196 461 1250 δ’
509 1200 687 1251 ὄντων
728 1208 837 1251 τῶν
869 1199 1223 1267 πραγμάτων,
1265 1200 1449 1261 δείσας
1488 1203 1736 1267 Μωυσῆς
1776 1200 1848 1267 μὴ

159 1287 386 1356 γένηταί
419 1307 469 1340 τι
508 1297 722 1356 χεῖρον,
763 1288 1091 1354 συναγαγὼν
1131 1288 1208 1349 είς
1247 1286 1537 1356 ἐκκλησίαν
1577 1290 1673 1340 τὸν
1714 1289 1850 1340 λαὸν

160 1376 390 1438 οὐδενὸς
421 1373 521 1444 μὲν
553 1378 843 1444 κατηγόρει
883 1378 1018 1444 πρὸς
1050 1377 1244 1443 ὄνομα,
1284 1378 1355 1444 μὴ
1396 1379 1734 1444 βουλόμενος
1774 1377 1851 1438 είς

160 1463 429 1518 ἀπόνοιαν
467 1472 788 1533 περιστῆσαι
838 1466 966 1526 τοὺς
1006 1464 1065 1516 ἐκ
1103 1473 1201 1517 τοῦ
1243 1465 1546 1517 λανθάνειν
1587 1472 1849 1533 μετανοῆ-

160 1567 250 1605 σαι
299 1551 674 1621 δυναμένους,
729 1553 910 1620 <143>
950 1554 1098 1619 ἔλεγε
1148 1550 1198 1604 δ’
1247 1553 1319 1614 ὡς
1359 1553 1458 1605 οὐκ
1506 1552 1629 1616 ἄξια
1670 1555 1850 1624 δρῷεν

160 1638 287 1694 οὔθ’
335 1641 516 1694 αὑτῶν
565 1642 688 1693 οὔτε
728 1639 977 1710 πατέρων
1017 1642 1116 1708 τὴν
1166 1641 1377 1708 ἡδονὴν
1417 1645 1850 1710 προτιμήσαντες

160 1738 258 1783 τοῦ
310 1735 451 1782 θεοῦ
506 1728 596 1781 καὶ
651 1737 750 1781 τοῦ
805 1730 939 1781 κατὰ
994 1736 1191 1781 τοῦτον
1247 1732 1395 1797 βίου·
1444 1733 1743 1799 προσήκειν
1793 1727 1841 1782 δ’

1267 1817 1697 1887 μεταβαλέσθαι,
1747 1820 1848 1887 τὴν

159 1905 422 1976 ἀνδρείαν
476 1906 965 1974 ὑπολαμβάνουσιν
1015 1906 1114 1958 οὐκ
1162 1905 1220 1958 ἐν
1268 1914 1340 1976 τῷ
1388 1906 1674 1974 βιάζεσθαι
1721 1911 1850 1970 τοὺς

158 1997 365 2063 νόμους
419 1991 537 2046 ἀλλ’
586 1993 645 2046 ἐν
693 2001 766 2064 τςό
825 1995 896 2062 μὴ
948 1999 1113 2045 εἴκειν
1161 2002 1276 2056 ταῖς
1325 1993 1641 2063 ἐπιθυμίαις
1690 1991 1848 2048 εἶναι.

162 2083 343 2150 <144>
391 2084 526 2152 πρὸς
572 2083 787 2144 τούτοις
837 2079 883 2134 δ’
932 2079 1051 2135 οὐδ’
1100 2082 1332 2149 εὔλογον
1380 2084 1581 2152 ἔφασκε
1630 2098 1847 2153 σωφρο-

158 2173 431 2238 νήσαντας
470 2170 671 2231 αὐτοὺς
704 2168 790 2222 ἐπὶ
821 2178 914 2238 τῆς
955 2169 1179 2238 ἐρήμου,
1218 2177 1323 2221 νῦν
1365 2169 1424 2222 ἐν
1463 2180 1576 2232 τοῖς
1616 2170 1849 2238 ἀγαθοῖς

160 2260 321 2320 ὄντας
366 2267 678 2327 παροινεῖν,
726 2255 863 2326 μηδὲ
910 2259 974 2309 τὰ
1021 2256 1293 2325 κτηθέντα
1338 2258 1445 2311 ὑπὸ
1493 2266 1586 2326 τῆς
1637 2258 1849 2323 ἐνδείας

162 2344 232 2398 δι’
279 2346 542 2415 εὐπορίαν
590 2346 769 2398 αὐτῶν
817 2344 1139 2399 ἀπολέσθαι.
1216 2345 1306 2398 καὶ
1347 2346 1374 2399 ὃ
1417 2344 1517 2415 μὲν
1556 2355 1724 2399 ταῦτα
1763 2347 1846 2400 λέ-

159 2454 274 2501 γων
301 2433 550 2503 ἐπειρᾶτο
583 2436 711 2496 τοὺς
740 2433 902 2496 νέους
935 2433 1287 2503 ἐπανορθοῦν
1320 2434 1411 2487 καὶ
1443 2437 1519 2498 είς
1551 2436 1847 2504 μετάνοιαν

159 2523 314 2590 ἄγειν
370 2517 447 2574 ὧν
500 2514 791 2591 ἔπραττον·
863 2523 1042 2590 <145>
1096 2522 1333 2586 ἀναστὰς
1388 2521 1448 2576 δὲ
1504 2522 1616 2592 μετ’
1676 2526 1845 2577 αὐτὸν

160 2613 442 2679 Ζαμβρίας
475 2608 640 2661 εἀλλά
667 2612 734 2662 σὺ
761 2607 886 2678 μέν’
922 2606 1091 2677 εἶπεν,
1133 2607 1200 2662 ῗῶ
1225 2614 1463 2680 Μωυσῆ,
1501 2622 1613 2681 χρῶ
1653 2616 1846 2682 νόμοις

160 2691 242 2759 οἷς
281 2699 443 2760 αὐτὸς
484 2698 841 2766 ἐσπούδακας,
883 2698 941 2751 ἐκ
980 2707 1073 2767 τῆς
1111 2700 1322 2752 τούτων
1362 2700 1619 2768 εὐηθείας
1657 2704 1717 2755 τὸ
1757 2701 1845 2771 βέ-

159 2790 320 2855 βαιον
375 2787 560 2849 αὐτοῖς
613 2786 1052 2856 παρεσχημένος,
1115 2785 1229 2839 ἐπεὶ
1283 2790 1354 2856 μὴ
1411 2797 1607 2842 τοῦτον
1662 2790 1844 2844 αὐτῶν

278 2892 301 2940 g
337 2892 418 2931 141
448 2910 502 2924 =
527 2887 663 2931 Num.
698 2887 824 2930 XXV
859 2894 896 2932 6.
935 2892 1000 2931 14.

160 1818 260 1880 ἕως
299 1820 376 1870 ἔτι
416 1816 506 1870 καὶ
545 1822 722 1880 καλῶς
761 1817 830 1869 ἂν
871 1817 1055 1879 αὐτοῖς
1095 1820 1227 1887 ἔχοι,

1884 688 1937 728 10

1880 2539 1932 2579 11
