1975 3111
870 125 1080 166 ΠΡΩΤΗ
1748 124 1818 176 33

245 260 426 328 (158)
475 259 808 328 μνημονεύει
857 255 917 310 δὲ
966 266 1065 311 τοῦ
1114 260 1317 327 πατρὸς
1354 259 1510 327 ἡμῶν
1543 257 1819 328 Ἁβράμου
1853 274 1877 311 2

132 351 424 418 Βηρωσός,
479 347 579 406 οὐκ
628 346 942 415 ὀνομάζων,
999 345 1272 421 λέγων-δ’
1322 347 1515 409 οὕτως·
1569 347 1720 415 εμετά
1761 344 1820 399 δὲ

132 439 229 490 τὸν
267 437 648 504 κατακλυσμὸν
681 435 876 505 δεκάτῃ
909 443 1071 506 γενεᾷ
1111 436 1257 504 παρὰ
1300 437 1596 497 Χαλδαίοις
1634 455 1714 498 τις
1752 432 1822 503 ἦν

133 526 342 587 δίκαιος
366 524 505 594 ἀνὴρ
530 523 621 576 καὶ
646 523 811 593 μέγας
835 522 925 576 καὶ
949 525 1014 575 τά
1041 524 1273 592 οὐράνια
1313 523 1598 594 ἔμπειροςῖ
1640 524 1821 591 <159>

88 612 405 676 5Ἑκαταῖος
460 610 520 666 δὲ
574 611 665 665 καὶ
710 620 809 666 τοῦ
860 618 1177 681 μνησθῆναι
1228 611 1396 665 πλέον
1443 632 1493 664 τι
1540 615 1820 680 πεποίηκε’

132 705 350 770 βιβλίον
383 702 487 769 γὰρ
520 699 644 769 περὶ
676 701 846 753 αὐτοῦ
880 699 1284 769 συνταξάμενος
1315 699 1581 752 κατέλιπε.
1652 704 1822 753 Νικό-

133 794 262 851 λαος
288 786 348 842 δὲ
375 789 402 842 ὁ
430 791 799 857 Δαμασκηνὸς
824 788 884 840 ἐν
909 797 971 857 τῇ
996 788 1222 858 τετάρτῃ
1244 797 1353 841 τῶν
1388 789 1646 858 ἱστοριῶν
1678 787 1823 856 λέγει

133 878 325 939 οὕτως·
377 875 672 945 ςἉβράμης
719 876 1035 944 ἐβασίλευσε
1085 880 1419 945 Δαμασκοῦ,
1471 879 1672 945 ἔπηλυς
1720 880 1823 929 σὺν

133 973 342 1036 στρατῷ
373 963 675 1034 ἀφιγμένος
700 963 758 1016 ἐκ
787 973 880 1033 τῆς
908 973 1006 1033 γῆς
1031 962 1169 1033 ὑπὲρ
1187 968 1522 1033 Βαβυλῶνος
1549 967 1826 1027 Χαλδαίας

69 1070 110 1102 10
136 1052 446 1122 λεγομένης.
511 1053 691 1121 <160>
723 1051 834 1121 μετ’
876 1053 942 1106 οὐ
975 1055 1154 1105 πολὺν
1196 1051 1256 1105 δὲ
1289 1056 1491 1122 χρόνον
1533 1052 1825 1116 ἐξαναστὰς

132 1141 222 1194 καὶ
254 1141 358 1195 ἀπὸ
392 1142 590 1210 ταύτης
620 1150 714 1210 τῆς
745 1143 923 1211 χώρας
962 1144 1067 1194 σὺν
1100 1149 1174 1213 τῷ
1202 1141 1444 1213 σφετέρῳ
1479 1145 1590 1212 λαῷ
1618 1143 1694 1203 εἰς
1726 1143 1825 1208 τὴν

132 1233 251 1283 τότε
285 1228 385 1298 μὲν
420 1233 740 1282 Χαναναίαν
773 1228 1096 1298 λεγομένην,
1135 1237 1240 1282 νῦν
1274 1227 1333 1282 δὲ
1367 1228 1664 1296 Ἰουδαίαν,
1705 1248 1825 1298 μετ-

134 1315 339 1389 ςόκησε,
378 1318 468 1371 καὶ
510 1320 567 1372 οἱ
603 1317 692 1370 ἀπ’
742 1318 955 1371 ἐκείνου
995 1319 1405 1386 πληθύσαντες,
1452 1317 1577 1387 περὶ
1632 1314 1709 1370 ὧν
1767 1318 1825 1370 ἐν

135 1405 298 1480 ἑτέρῳ
340 1410 484 1479 λόγῳ
527 1406 753 1476 διέξειμι
786 1408 850 1459 τὰ
885 1408 1260 1477 ἱστορούμενα.
1323 1415 1421 1459 τοῦ
1462 1404 1522 1459 δὲ
1549 1405 1825 1475 Ἁβράμου

71 1512 111 1544 15
136 1497 214 1547 ἔτι
253 1494 343 1547 καὶ
381 1504 488 1548 νῦν
530 1495 589 1548 ἐν
629 1503 690 1564 τῇ
733 1498 1074 1564 Δαμασκηνῇ
1115 1496 1360 1563 τοῦνομα
1401 1494 1698 1564 δοξάζεται,
1738 1495 1825 1548 καὶ

135 1585 288 1652 κώμη
322 1582 412 1636 ἀπ’
453 1584 623 1636 αὐτοῦ
657 1585 933 1636 δείκνυται
960 1582 1236 1652 Ἁβράμου
1277 1589 1485 1652 οἴκησις
1523 1582 1824 1653 λεγομένη.’

249 1674 431 1741 <161>
473 1676 637 1741 λιμοῦ
689 1669 749 1724 δὲ
800 1674 1022 1742 χρόνοις
1072 1673 1306 1742 ὕστερον
1357 1674 1457 1740 τὴν
1507 1676 1884 1729 Χαναναιάν8

136 1763 566 1829 καταλαβόντος,
604 1759 878 1830 ’Ἅβραμος
923 1763 1051 1823 τοὺς
1091 1763 1430 1828 Αἰγυπτίους
1476 1761 1827 1830 εὐδαιμονεῖν

137 1852 455 1917 πυθόμενος
501 1854 778 1919 μεταίρειν
824 1851 960 1918 πρὸς
1007 1849 1206 1911 αὐτοὺς
1253 1846 1323 1917 ἦν
1362 1852 1681 1918 πρόθυμος,
1735 1859 1828 1918 τῆς

72 1953 115 1985 20
137 1933 187 1988 τ’
243 1935 519 2005 ἀφθονίας
571 1945 666 2006 τῆς
721 1937 947 1990 ἐκείνων
999 1936 1280 2006 μεθέξων,
1335 1937 1426 1989 καὶ
1472 1947 1582 1990 τῶν
1637 1937 1827 2008 ἱερέων

139 2024 405 2094 ἀκροατὴς
438 2025 696 2094 ἐσόμενος
729 2021 807 2079 ὧν
840 2023 1052 2092 λέγοιεν
1085 2024 1210 2095 περὶ
1241 2031 1413 2078 θεῶν·
1456 2026 1487 2094 ἢ
1514 2027 1618 2095 γὰρ
1651 2030 1829 2096 κρείσ-

141 2127 299 2166 σοσιν
331 2114 609 2184 εὑρεθεῖσι
634 2117 1162 2183 κατακολουθήσειν,
1201 2113 1233 2181 ἢ
1268 2117 1700 2182 μετακοσμήσειν
1733 2116 1829 2168 αὑ-

139 2204 267 2265 τοὺς
313 2201 401 2273 ἐπὶ
450 2205 510 2256 τὸ
558 2201 807 2272 βέλτιον,
859 2203 1022 2265 αὐτὸς
1062 2204 1289 2271 ἄμεινον
1329 2212 1568 2271 φρονῶν.
1648 2204 1828 2271 <162>

141 2290 474 2359 ἐπαγόμενος
520 2288 581 2343 δὲ
628 2290 718 2343 καὶ
765 2292 866 2359 τὴν
918 2291 1180 2359 Σάρραν,
1235 2289 1324 2342 καὶ
1372 2292 1718 2359 φοβούμενος
1768 2295 1827 2345 τὸ

74 2393 115 2426 25
141 2380 276 2448 πρὸς
320 2379 413 2441 τὰς
458 2388 723 2446 γυναῖκας
768 2389 878 2431 τῶν
919 2381 1240 2446 Αἰγυπτίων
1290 2378 1543 2447 ἐπιμανές
1558 2420 1572 2446 ,
1623 2381 1695 2448 μὴ
1738 2381 1828 2432 διά

139 2468 240 2535 τὴν
280 2467 587 2536 εὐμορφίαν
637 2475 730 2535 τῆς
768 2470 1028 2534 γυναικὸς
1068 2468 1095 2520 ὁ
1137 2470 1394 2536 βασιλεὺς
1433 2468 1602 2520 αὐτὸν
1643 2466 1828 2537 ἀνέλῃ,

140 2554 338 2624 τέχνην
373 2555 632 2623 ἐπενόησε
670 2557 951 2624 τοιαύτην·
996 2556 1234 2625 ἀδελφὸς
1266 2556 1431 2624 αὐτῆς
1461 2552 1603 2607 εἶναι
1635 2571 1829 2625 προσε-

140 2646 424 2712 ποιήσατο,
463 2643 721 2712 κάκείνην
744 2636 905 2696 τοῦτο
931 2645 1340 2713 ὑποκρίνασθαι
1375 2643 1699 2713 (συμφέρειν
1725 2647 1828 2713 γὰρ

142 2732 349 2799 αὐτοῖς)
385 2731 648 2795 ἐδίδαξεν.
714 2732 894 2800 <163>
926 2733 998 2795 ὡς
1031 2730 1080 2805 δ’
1120 2729 1255 2800 ἧκον
1288 2735 1364 2795 είς
1394 2734 1495 2800 τὴν
1527 2737 1830 2800 Αἴγυπτον,

77 2835 119 2866 30
143 2818 401 2888 ἀπέβαινε
448 2827 521 2891 τῷ
559 2817 810 2892 Ἁβράμῳ
858 2822 1046 2883 καθὼς
1095 2821 1380 2889 ὑπενόησε.
1459 2823 1518 2874 τὸ
1560 2822 1663 2891 γὰρ
1704 2822 1830 2873 κάλ-

263 2925 286 2973 g
321 2925 402 2964 161
432 2942 488 2956 =
513 2920 624 2964 Gen.
657 2920 742 2963 ΧΠ
776 2926 841 2964 10.

230 3003 440 3035 Ioszpnus.
478 3003 508 3035 Ι.
1359 3032 1362 3034 .
1536 3001 1561 3039 3
