2052 3141
822 92 1085 132 HEMHTH
1691 89 1756 139 31
1767 91 1799 141 5

221 227 402 295 <254>
442 236 552 279 τῶν
605 224 652 278 δ’
704 224 1057 294 Ἰσραηλιτῶν
1096 225 1197 292 τὴν
1236 224 1536 292 ἡγεμονίαν
1572 221 1801 293 Ἰαείρης
1833 239 1858 277 6

111 316 139 368 ὁ
181 317 502 384 Γαλαδηνὸς
542 314 601 367 ἐκ
638 322 733 382 τῆς
770 314 1189 374 Μανασσίτιδος
1227 317 1406 381 φυλῆς
1444 314 1800 382 παραλαμβά-

109 423 219 472 νει,
266 403 407 473 ἀνὴρ
454 403 519 455 τά
565 400 609 455 τ’
657 404 795 455 ἄλλα
844 402 1123 470 εὐδαίμων
1171 393 1261 453 καὶ
1311 402 1510 463 παῖδας
1549 401 1800 469 ἀγαθοὺς

109 489 489 560 πεποιημένος,
532 491 823 561 τριάκοντα
871 486 971 558 μὲν
1018 491 1114 542 τὸν
1154 488 1416 558 ἀριθμόν,
1459 490 1706 543 ἱππεύειν
1740 488 1793 543 δ’

65 595 85 627 5
109 578 364 648 ἀρίστους
403 578 491 632 καὶ
538 589 647 632 τῶν
694 580 828 631 κατὰ
868 579 968 647 τὴν
1008 578 1338 646 Γαλαδηνὴν
1377 580 1592 631 πόλεων
1633 578 1802 649 ἀρχὰς

110 665 624 737 ἐγκεχειρισμένους.
701 663 862 729 οὗτος
895 667 996 719 δύο
1029 664 1118 718 καὶ
1151 671 1322 718 εἴκοσι
1356 668 1445 734 ε’τη
1486 668 1586 735 τὴν
1626 667 1800 736 ἀρχὴν

108 757 394 825 κατασχὼν
425 760 649 827 τελευτᾷ
683 758 927 824 γηραιός,
959 752 1050 806 καὶ
1082 762 1255 823 ταφῆς
1295 753 1355 806 ἐν
1382 757 1612 823 Καμῶνι
1645 759 1801 808 πόλει

108 852 202 912 τῆς
242 846 567 912 Γαλαδηνῆς
604 843 864 907 ἀξιοῦται.

220 934 401 1000 (255)
433 932 609 984 πάντα
643 929 702 984 δὲ
735 933 799 984 τὰ
831 940 940 983 τῶν
972 929 1243 1000 Ἑβραίων
1283 934 1360 994 είς
1398 931 1668 1001 ἀκοσμίαν
1707 930 1797 984 καὶ
1832 942 1855 980 7

43 1035 85 1067 10
107 1020 274 1090 ὕβριν
314 1028 412 1074 τοῦ
452 1025 592 1073 θεοῦ
632 1018 721 1072 καὶ
762 1029 871 1071 τῶν
911 1022 1099 1087 νόμων
1138 1019 1473 1088 ὑπεφέρετο,
1513 1019 1602 1072 καὶ
1642 1040 1801 1072 κατα-

109 1111 488 1178 φρονήσαντες
513 1109 695 1161 αὐτῶν
724 1106 1044 1176 Ἀμμανῖται
1076 1106 1166 1160 καὶ
1190 1107 1556 1162 Παλαιστινοὶ
1590 1116 1798 1180 στρατῷ

109 1197 326 1270 μεγάλῳ
370 1199 668 1267 διήρπαζον
708 1198 809 1265 τὴν
848 1198 1064 1266 χώραν,
1103 1195 1193 1248 καὶ
1233 1198 1333 1265 τὴν
1373 1200 1622 1266 Περαίαν
1664 1199 1799 1249 ἅπα-

110 1299 214 1340 σαν
253 1289 613 1355 κατασχόντες
658 1284 747 1337 καὶ
796 1283 883 1337 ἐπὶ
923 1286 1022 1353 τὴν
1063 1294 1173 1337 τῶν
1215 1290 1423 1338 λοιπῶν
1463 1287 1568 1353 ἤδη
1609 1294 1800 1354 κτῆσιν

110 1375 420 1442 διαβαίνειν
454 1372 714 1442 ἐτόλμων.
792 1373 970 1439 <256>
1004 1371 1249 1442 Ἑβραῖοι
1284 1370 1343 1425 δὲ
1385 1373 1802 1443 σωφρονισθέν-

44 1476 84 1508 15
109 1481 195 1524 τες
233 1462 340 1515 ὑπὸ
389 1472 500 1515 τῶν
546 1471 755 1529 κακῶν,
806 1463 883 1523 εἰς
925 1461 1152 1523 ἱκετείας
1192 1460 1483 1531 ἐτρέποντο
1523 1471 1622 1515 τοῦ
1662 1468 1801 1516 θεοῦ

109 1548 199 1602 καὶ
223 1556 425 1612 θυσίας
450 1548 735 1619 ἐπέφερον,
766 1554 1210 1619 παρακαλοῦντες
1242 1550 1411 1603 αὐτὸν
1438 1551 1803 1619 μετριάσαντα

109 1636 199 1690 καὶ
239 1640 374 1707 πρὸς
406 1640 506 1706 τὴν
540 1637 730 1706 δεήσιν
771 1638 950 1690 αὐτῶν
990 1636 1310 1707 ὑπαχθέντα
1348 1640 1672 1691 παύσασθαι
1711 1648 1804 1708 τῆς

111 1726 290 1795 ὀργῆς.
369 1727 396 1780 ὁ
440 1723 500 1778 δὲ
546 1728 680 1788 θεὸς
726 1728 1165 1794 μεταβαλόμενος
1215 1728 1292 1788 εἰς
1342 1729 1402 1780 τὸ
1454 1727 1803 1797 ἡμερώτερον

112 1817 338 1884 ἔμελλεν
378 1815 563 1877 αὐτοῖς
602 1818 851 1883 βοηθεῖν.

44 1918 87 1949 20
223 1904 402 1971 <257>
436 1901 780 1972 Ἀμμανιτῶν
814 1901 861 1955 δ’
905 1903 1341 1973 ἐστρατευκότων
1375 1902 1462 1957 ἐπὶ
1494 1907 1593 1973 τὴν
1627 1908 1679 1957 Γ
1675 1911 1803 1958 αλα-
1836 1917 1862 1955 8

111 1993 315 2061 δηνήν,
361 1991 620 2059 ὑπήντων
661 1992 719 2044 οἱ
754 1991 1035 2060 ἐπιχώριοι
1074 1994 1210 2060 πρὸς
1248 1994 1308 2044 τὸ
1350 1993 1507 2061 ὄρος,
1549 1994 1802 2062 δεόμενοι

110 2088 209 2133 τοῦ
250 2082 732 2149 στρατηγήσοντος.
809 2076 879 2148 ἦν
913 2078 978 2131 δέ
1005 2100 1086 2140 τις
1118 2077 1357 2148 Ἰεφθής,
1397 2079 1537 2149 ἀνὴρ
1572 2083 1663 2134 διὰ
1702 2084 1802 2150 τὴν

110 2165 370 2239 πατρῴαν
402 2167 602 2236 ἀρετὴν
643 2169 876 2229 δυνατὸς
916 2166 1005 2219 καὶ
1040 2165 1110 2219 δι’
1153 2169 1361 2220 οἰκείαν
1403 2166 1602 2221 ἑαυτοῦ
1643 2184 1804 2239 στρα-

111 2255 252 2324 τιάν,
291 2255 361 2322 ἣν
393 2257 618 2324 ἔτρεφεν
651 2255 813 2317 αὐτὸς
848 2256 1217 2323 μισθοδοτῶν.
1295 2256 1472 2323 <258>
1512 2259 1647 2326 πρὸς
1678 2267 1802 2311 τοῦ-

46 2359 88 2390 25
113 2363 210 2396 τον
251 2339 353 2396 οὖν
393 2342 702 2411 πέμψαντες
741 2342 933 2410 ἠξίουν
973 2343 1142 2395 αὐτὸν
1183 2352 1505 2412 συμμαχεῖν,
1545 2344 1803 2414 ἐπαγγελ-

113 2434 338 2500 λόμενοι
391 2440 692 2501 παρασχεῖν
740 2433 816 2492 εἰς
863 2429 1053 2483 ἅπαντ’
1103 2431 1250 2502 αὐτῷ
1300 2434 1397 2485 τὸν
1451 2436 1656 2502 χρόνον
1703 2436 1803 2502 τὴν

115 2521 264 2572 ι’δίαν
302 2519 616 2587 ἡγεμονίαν.
695 2517 723 2570 ὃ
773 2517 821 2570 δ’
869 2519 936 2571 οὐ
983 2522 1264 2588 προσίεται
1311 2521 1411 2588 τὴν
1460 2521 1803 2590 παράκλησιν

114 2607 332 2674 αὐτῶν,
388 2605 632 2674 ἐγκαλῶν
688 2606 770 2658 ὅτι
825 2607 897 2674 μὴ
945 2609 1286 2676 βοηθήσειαν
1335 2608 1480 2680 αὐτῷ
1537 2609 1645 2662 ὑπὸ
1693 2619 1802 2663 τῶν

115 2695 373 2764 ἀδελφῶν
421 2693 765 2767 ἀδικουμένῳ
812 2705 1149 2765 περιφανῶς·
1199 2697 1380 2764 <259>
1422 2697 1488 2750 οὐ
1527 2699 1630 2767 γὰρ
1672 2701 1804 2752 ὄντα

51 2797 94 2829 30
118 2784 455 2854 ὁμομήτριον
502 2783 687 2846 αὐτοῖς
734 2782 871 2835 ἀλλά
918 2782 1076 2847 ξένον
1124 2785 1258 2836 κατὰ
1296 2786 1396 2853 τὴν
1436 2784 1668 2857 μητέρα,
1724 2782 1794 2839 δι’

234 2889 256 2938 ξ
289 2888 376 2928 254
403 2905 456 2920 =
480 2883 623 2928 Iudio.
657 2883 699 2926 X
731 2890 770 2928 3.
