1975 3111
285 16 312 66 1
321 16 353 68 6
896 16 1348 58 ΑΡΧΑΙΟΛΟΓΙΑΣ

284 150 424 217 <71>
464 148 563 218 ἵν’,
602 152 653 202 ει’
688 148 778 201 καὶ
830 151 1067 217 συμβαίη
1108 150 1208 216 τὴν
1247 151 1548 217 πλινθίνην
1588 149 1974 218 ἀφανισθῆναι.

282 239 388 290 ὑπὸ
428 245 521 304 τῆς
554 237 868 306 ἐπομβρίας,
907 237 938 304 ἡ
974 239 1162 304 λιθίνη
1205 241 1434 305 μείνασα
1473 237 1722 307 παράσχῃ
1764 243 1966 306 μαθεῖν

282 335 397 387 τοῖς
429 325 746 394 ἀνθρώποις
770 326 834 377 τὰ
871 323 1298 393 ἐγγεγραμμένα,
1339 327 1584 393 δηλοῦσα
1614 324 1705 378 καὶ
1743 328 1974 378 πλινθί-Α

282 434 386 481 νην
425 410 516 466 ὑπ’
564 413 744 466 αὐτῶν
785 413 1134 481 ἀνατεθῆναι.
1212 411 1360 481 μένει
1402 411 1450 465 δ’
1498 415 1622 482 ἄχρι
1660 422 1759 466 τοῦ
1801 415 1964 481 δεῦρο

282 503 416 554 κατὰ
455 510 559 570 γῆν
598 503 697 569 τὴν
738 501 992 569 Σιριάδα.

226 589 259 640 3
434 590 577 656 <72>
616 587 705 641 καὶ
755 585 907 641 οὗτοι
955 586 1055 656 μὲν
1104 586 1234 640 ἑπτὰ
1286 589 1474 654 γενεὰς
1514 586 1792 656 διέμειναν
1831 592 1967 642 θεὸν

283 677 581 745 ἡγούμενοι
623 678 893 744 δεσπότην
941 673 1082 728 εἶναι
1122 686 1230 728 τῶν
1272 676 1443 743 ὅλων,
1491 674 1580 728 καὶ
1619 677 1795 728 πάντα
1834 679 1969 742 πρὸς

284 765 482 833 ἀρετὴν
507 763 922 832 ἀποβλέποντες.
987 760 1101 816 εἷτα
1126 765 1414 830 προϊόντος
1445 772 1542 816 τοῦ
1574 767 1779 833 χρόνου
1813 784 1968 833 μετα-

283 854 579 922 βάλλονται
631 855 766 921 πρὸς
817 854 876 904 τὸ
928 861 1114 921 χεῖρον
1167 851 1224 903 ἐκ
1272 861 1381 903 τῶν
1420 855 1663 921 πατρίων
1704 852 1968 921 ἐθισμῶν,

284 945 414 1010 μήτε
462 943 555 1003 τὰς
600 939 997 1009 νενομισμένας
1043 941 1198 1007 τιμὰς
1246 942 1321 991 ἔτι
1374 947 1446 1010 τῷ
1488 946 1602 1011 θεῷ
1643 939 1969 1010 παρέχοντες

285 1033 414 1098 μήτε
455 1039 553 1082 τοῦ
592 1032 727 1097 πρὸς
774 1029 1108 1097 ἀνθρώπους
1157 1029 1372 1081 δικαίου
1420 1030 1740 1097 ποιούμενοι
1782 1033 1969 1097 λόγον,

285 1115 403 1170 ἀλλ’
442 1118 511 1184 ἣν
536 1120 804 1185 πρότερον
841 1114 990 1186 εἶχον
1016 1125 1109 1184 τῆς
1142 1115 1333 1184 ἀρετῆς
1359 1119 1608 1185 ζήλωσιν,
1643 1118 1969 1170 διπλασίονα

285 1214 377 1273 τῆς
416 1209 604 1267 κακίας
643 1202 750 1257 τότ’
799 1204 1181 1257 ἐπεδείκνυντο
1223 1202 1294 1256 δι’
1344 1199 1420 1256 ὧν
1468 1206 1753 1272 ἔπραττον·
1803 1207 1969 1258 ε”νθεν

286 1292 497 1356 ἑαυτοῖς
559 1295 655 1345 τὸν
716 1295 853 1345 θεὸν
917 1291 1342 1360 ἐξεπολέμωσαν.
1421 1292 1564 1365 <ῖ3>
1617 1292 1811 1345 πολλοὶ
1867 1295 1968 1360 γὰρ

285 1383 506 1449 ἄγγελοι
539 1387 678 1434 θεοῦ
712 1379 929 1448 γυναιξὶ
971 1379 1328 1448 συμμιγέντες
1368 1380 1629 1447 ὑβριστὰς
1669 1379 1968 1449 ἐγέννησαν

282 1471 504 1537 παῖδας,
545 1468 633 1521 καὶ
673 1471 875 1530 παντὸς
914 1468 1220 1535 ὑπερόπτας
1260 1472 1456 1534 καλοῦ,
1509 1469 1600 1519 διὰ
1640 1471 1739 1536 τὴν
1779 1468 1863 1521 ε’πὶ
1906 1478 1966 1538 τῇ

285 1558 515 1626 δυνάμει
570 1561 932 1624 πεποίθησιν·
992 1558 1152 1625 ὅμοια
1209 1559 1310 1624 γὰρ
1367 1566 1478 1618 τοῖς
1532 1557 1638 1609 ὑπὸ
1695 1558 1967 1624 γιγάντων

283 1650 649 1713 τετολμῆσθαι
677 1644 991 1713 λεγομένοις
1023 1643 1117 1713 ὑφ’
1158 1643 1437 1712 Ἑλλήνων
1463 1643 1547 1695 καὶ
1585 1641 1736 1698 οὗτοι.
1771 1647 1966 1712 δρᾶσαι

282 1736 691 1802 παραδίδονται.
771 1735 913 1800 <74>
954 1735 1143 1794 Νώεος
1191 1730 1249 1784 δὲ
1292 1742 1402 1794 τοῖς
1441 1733 1832 1801 πραττομένοις
1871 1732 1959 1786 ὑπ’

285 1823 466 1874 αὐτῶν
502 1825 879 1891 δυσχεραίνων
912 1820 999 1873 καὶ
1034 1831 1145 1883 τοῖς
1178 1822 1548 1888 βουλεύμασιν
1590 1820 1770 1888 ἀηδῶς
1809 1824 1967 1890 ἔχων,

285 1913 505 1962 ἔπειθεν
547 1910 632 1962 ε’πὶ
681 1914 739 1962 τὸ
781 1920 1026 1978 κρεῖττον
1075 1909 1274 1970 αὐτοὺς
1314 1910 1411 1976 τὴν
1453 1909 1707 1961 διάνοιαν
1747 1909 1830 1961 καὶ
1876 1912 1968 1972 τὰς

283 1999 501 2065 πράξεις
564 1997 901 2067 μεταφέρειν.
989 1999 1133 2064 ὁρῶν
1191 1994 1238 2048 δ7
1301 1996 1399 2048 οὐκ
1463 1996 1781 2059 ἐπιδιδόντας
1843 1995 1959 2049 ἀλλ’

285 2089 519 2155 ἰσχυρῶς
576 2087 680 2139 ὑπὸ
738 2096 829 2154 τῆς
889 2086 1087 2152 ἡδονῆς
1135 2095 1241 2136 τῶν
1290 2095 1471 2136 κακῶν
1519 2085 1967 2154 κεκρατημένους.

284 2177 466 2237 δείσας
513 2178 583 2243 μὴ
632 2175 721 2227 καὶ
770 2177 1118 2244 φονεύσωσιν
1159 2175 1351 2228 αὐτόν.
1400 2177 1529 2242 μετὰ
1584 2177 1839 2241 γυναικὸς
1879 2174 1961 2226 καὶ

282 2263 487 2316 τέκνων
514 2263 602 2315 καὶ
632 2274 739 2316 τῶν
770 2266 981 2325 τούτοις
1007 2273 1386 2315 συνοικουσῶν
1413 2263 1705 2332 ἐξεχώρησε
1739 2272 1830 2330 τῆς
1856 2271 1965 2330 γῆς.

226 2365 251 2403 2
285 2354 425 2419 <75>
471 2353 497 2405 ὁ
545 2349 603 2403 δὲ
636 2355 767 2414 θεὸς
811 2361 1005 2405 τοῦτον
1049 2349 1148 2419 μὲν
1191 2360 1280 2418 της
1322 2354 1672 2419 δικαιοσύνης
1708 2351 1965 2418 ἠγάπησε,

284 2442 588 2504 κατεδίκαζε
640 2439 688 2492 δ’
745 2441 844 2492 οὐκ
900 2440 1141 2501 ἐκείνους
1192 2443 1364 2507 μόνον
1422 2449 1512 2507 της
1560 2443 1772 2500 κακίας.
1829 2438 1965 2490 αλλὰ

283 2527 370 2579 καὶ
426 2537 535 2580 πᾶν
593 2529 724 2580 ὅσον
776 2526 840 2596 ἦν
890 2528 1248 2595 ἀνθρώπινον
1298 2532 1412 2579 τότε
1457 2531 1623 2590 δόξαν
1662 2527 1806 2596 αὐτῷ
1849 2529 1964 2578 δια-

283 2621 536 2683 φθεῖραι,
586 2615 671 2667 καὶ
714 2625 929 2683 ποιῆσαι
978 2615 1132 2682 γένος
1173 2615 1357 2680 ἕτερον
1398 2619 1660 2682 πονηρίας
1698 2618 1963 2680 καθαρόν.

283 2703 664 2772 ἐπιτεμόμενός
700 2702 744 2755 τ’
784 2705 965 2756 αὐτῶν
998 2707 1093 2756 τὸν
1127 2707 1249 2770 βίον
1291 2702 1374 2754 καὶ
1419 2705 1647 2769 ποιήσας
1687 2701 1821 2754 ἑτῶν
1863 2703 1961 2771 οὐχ

401 2810 424 2856 ᾖ·
460 2809 511 2848 72
544 2827 595 2841 =
622 2806 731 2847 Gon.
770 2805 828 2846 VI
866 2811 902 2846 1.
