2052 3141
891 93 1071 133 TPITH
1721 90 1824 142 185

143 234 242 279 τοῦ
291 226 494 294 ἥπατος
549 225 869 297 ἐπιφέρουσι
923 233 996 297 τῷ
1050 228 1231 296 βωμῷ.
1300 223 1588 295 παρέχεται
1641 222 1700 277 δὲ
1740 223 1829 278 καὶ

143 317 302 386 κριὸν
342 315 370 368 ὁ
410 313 693 385 ἀρχιερεὺς
732 315 1106 368 ὁλοκαύτωσιν
1145 320 1218 384 τῷ
1261 319 1393 385 θεῷ.

258 404 439 471 <244>
471 410 535 472 τῇ
571 400 631 456 δὲ
660 402 873 472 πέμπτῃ
907 401 1108 454 ταύτοῦ
1141 403 1310 470 μηνὸς
1342 400 1432 453 καὶ
1466 401 1682 471 δεκάτῃ,
1712 421 1830 470 τρε-

145 489 388 559 πομένου
435 493 496 545 τὸ
549 493 744 544 λοιπὸν
791 500 891 544 τοῦ
937 497 1133 559 καιροῦ
1187 492 1323 559 πρὸς
1368 491 1469 558 τὴν
1518 491 1832 560 χειμερινὴν

102 594 122 627 5
148 580 317 650 ὥραν,
358 581 559 648 σκηνὰς
597 583 916 648 πήγνυσθαι
954 580 1163 631 κελεύει
1202 575 1317 630 κατ’
1366 580 1544 631 οἰκίαν
1586 578 1834 646 ἕκαστον,

146 669 206 721 τὸ
246 669 412 738 κρύος
450 667 845 738 ὑφορωμένους
893 666 980 720 ἐπὶ
1027 671 1242 736 φυλακῇ
1284 675 1381 719 τοῦ
1422 669 1601 735 ἔτους,
1649 667 1736 719 ὅτε
1779 686 1833 718 τε

146 758 427 826 πατρίδων
468 756 801 826 ἐπιτύχοιεν,
849 756 1030 823 <245>
1071 753 1545 823 παραγινομένους
1586 757 1662 817 εἰς
1703 754 1835 807 έκεί-

148 865 252 912 νην
292 846 392 913 τὴν
431 848 595 898 πόλιν
642 845 711 912 ἣν
767 845 858 896 διὰ
907 846 1002 896 τὸν
1041 845 1178 896 ναὸν
1220 846 1557 911 μητρόπολιν
1599 842 1837 910 ἕξουσιν,

150 930 234 1002 ἐφ’
288 931 491 1003 ἡμέρας
546 932 685 985 ὀκτὼ
742 930 938 1001 ἑορτὴν
993 933 1226 999 ἄγοντας
1273 932 1612 984 ὁλοκαυτοῦν
1651 951 1708 983 τε
1747 930 1837 984 καὶ

83 1035 124 1066 10
147 1022 312 1074 θύειν
351 1028 425 1093 τῷ
466 1027 580 1092 θεῷ
622 1023 743 1073 τότε
774 1023 1117 1090 χαριστήρια,
1157 1018 1425 1088 φέροντας
1466 1019 1524 1071 ἐν
1564 1028 1679 1081 ταῖς
1717 1039 1838 1089 χερ-

153 1108 243 1163 σὶν
289 1111 613 1178 εἰρεσιώνην
660 1112 927 1178 μυρσίνης
973 1107 1063 1160 καὶ
1112 1107 1253 1170 ἰτέας
1302 1110 1405 1160 σὺν
1445 1109 1619 1177 κράδῃ
1660 1110 1838 1176 φοίνι-

149 1218 242 1261 κος
280 1196 652 1266 πεποιημένην
703 1205 801 1250 τοῦ
849 1200 1026 1265 μήλου
1066 1205 1164 1249 τοῦ
1204 1204 1297 1263 τῆς
1335 1195 1565 1265 περσέας
1603 1199 1839 1266 προσόν-

149 1307 254 1349 τος.
318 1287 499 1354 <246>
549 1282 691 1338 εἶναι
743 1282 803 1337 δὲ
850 1293 913 1353 τῇ
961 1286 1146 1354 πρώτῃ
1192 1294 1303 1337 τῶν
1349 1285 1568 1354 ἡμερῶν
1608 1286 1708 1352 τὴν
1747 1293 1840 1352 τῆς

154 1376 573 1436 ὁλοκαυτώσεως
626 1376 834 1426 θυσίαν
890 1373 948 1425 ἐκ
998 1383 1166 1441 τριῶν
1221 1371 1312 1425 καὶ
1368 1371 1496 1425 δέκα
1550 1376 1698 1441 βοῶν
1749 1371 1840 1424 καὶ

86 1476 127 1508 15
153 1464 339 1533 ἀρνῶν
380 1461 462 1515 ἑνὶ
510 1465 783 1515 πλειόνων
822 1459 912 1514 καὶ
952 1471 1122 1530 κριῶν
1164 1462 1292 1529 δύο,
1340 1462 1473 1513 κατὰ
1513 1464 1839 1531 παραίτησιν

152 1551 432 1622 ἁμαρτιῶν
467 1550 661 1621 ἐρίφου
695 1548 1150 1621 προστιθεμένου.
1213 1559 1330 1611 ταῖς
1371 1547 1419 1602 δ’
1461 1548 1579 1617 ἑξῆς
1617 1548 1842 1619 ἡμέραις

153 1641 181 1694 ὁ
224 1637 323 1709 μὲν
372 1639 536 1702 αὐτὸς
585 1639 821 1709 ἀριθμὸς
866 1648 976 1691 τῶν
1023 1638 1208 1707 ἀρνῶν
1249 1636 1337 1690 καὶ
1378 1647 1486 1690 τῶν
1526 1648 1696 1707 κριῶν
1737 1640 1840 1690 σὺν

152 1735 226 1800 τῷ
270 1727 441 1800 ἐρίφῳ
481 1729 696 1795 θύεται,
734 1727 1100 1797 ὑφαιροῦντες
1141 1724 1191 1778 δ’
1240 1725 1464 1795 ἑκάστης
1502 1725 1706 1796 ἡμέρας
1745 1726 1841 1778 ἕνα

153 1826 262 1870 τῶν
309 1820 458 1885 βοῶν
512 1819 589 1878 εἰς
644 1814 775 1868 ἑπτὰ
822 1824 1174 1868 καταντῶσιν.
1261 1815 1438 1881 <247>
1488 1814 1733 1867 ἀνίενται
1782 1812 1834 1866 δ’

87 1917 129 1949 20
155 1904 259 1958 ἀπὸ
307 1906 508 1966 παντὸς
556 1907 722 1973 ἔργου
770 1905 904 1956 κατὰ
952 1904 1052 1971 τὴν
1105 1903 1310 1970 ὀγδόην
1350 1900 1587 1972 ἡμέραν,
1638 1901 1727 1955 καὶ
1766 1911 1839 1974 τῷ

152 1999 289 2065 θεῷ,
326 1994 473 2046 καθὰ
505 1995 927 2062 προειρήκαμεν,
967 1994 1173 2060 μόσχον
1214 2010 1269 2043 τε
1310 1992 1515 2044 θύουσι
1555 1990 1646 2044 καὶ
1686 1993 1842 2061 κριὸν

153 2081 244 2135 καὶ
291 2083 461 2151 ἄρνας
516 2079 646 2134 ἑπτὰ
701 2079 792 2133 καὶ
837 2077 975 2149 ὑπὲρ
1025 2079 1424 2149 ἁμαρτημάτων
1471 2082 1844 2150 παραιτήσεως

156 2173 365 2240 ἔριφον.

269 2258 448 2326 <248>
490 2256 580 2310 καὶ
616 2266 784 2311 ταῦτα
816 2254 916 2326 μὲν
949 2255 1224 2326 Ἑβραίοις
1261 2257 1356 2319 τὰς
1397 2257 1599 2324 σκηνὰς
1636 2265 1844 2324 πηγνῦ-

91 2358 132 2390 25
159 2360 249 2399 σιν
290 2345 554 2399 ἐπιτελεῖν
596 2344 708 2398 ἐστὶ
753 2346 1011 2415 πάτριον·
1058 2353 1132 2416 τςό
1177 2342 1235 2396 δὲ
1275 2343 1407 2413 μηνὶ
1446 2352 1519 2416 τῷ
1562 2344 1844 2415 Ξανθικῷ,

158 2434 216 2497 ὃς
271 2435 457 2486 Νισὰν
519 2431 645 2502 παρ’
704 2433 834 2502 ἡμῖν
888 2437 1131 2485 καλεῖται
1185 2432 1276 2485 καὶ
1330 2442 1430 2486 τοῦ
1486 2435 1640 2494 ἔτους
1695 2432 1843 2485 ἐστὶν

156 2522 322 2592 ἀρχή,
367 2521 912 2591 τετταρεσκαιδεκάτῃ
958 2522 1092 2573 κατὰ
1140 2524 1404 2589 σελήνην,
1452 2520 1511 2573 ἐν
1559 2528 1693 2591 κριςό
1745 2529 1843 2573 τοῦ

157 2610 315 2679 ἡλίου
354 2615 698 2672 καθεστῶτος
738 2608 936 2681 (τούτῳ
977 2610 1079 2677 γὰρ
1120 2617 1193 2680 τςό
1236 2607 1365 2677 μηνὶ
1404 2616 1498 2676 τῆς
1535 2606 1626 2660 ὑπ’
1673 2611 1845 2676 Αἰγυ-

157 2702 333 2761 πτίοις
380 2699 633 2760 δουλείας
679 2698 1201 2767 ἠλευθερώθημεν),
1255 2695 1345 2749 καὶ
1392 2698 1492 2765 τὴν
1530 2700 1738 2750 θυσίαν
1776 2697 1845 2765 ἣν

279 2819 302 2867 ξ
335 2818 421 2857 244
454 2835 510 2849 =
541 2812 688 2856 Levit.
720 2813 871 2855 XXIII
902 2818 971 2856 34.
1162 2817 1185 2865 ξ
1220 2816 1304 2855 246
1339 2834 1393 2847 =
1426 2812 1562 2855 Num.
1595 2812 1744 2855 XXIX
1778 2817 1844 2857 13.

161 2891 185 2940 ἓ
220 2892 306 2931 248
332 2909 387 2923 =
410 2886 557 2930 Levit.
590 2886 741 2929 XXIII
775 2891 814 2931 5.
