2052 3141
810 67 1074 106 HEMHTH
1679 62 1784 115 317

101 204 271 267 θους,
317 197 686 268 κατεμέμφετο
737 206 829 267 τῆς
875 196 998 267 περὶ
1046 200 1146 267 τὴν
1192 199 1498 267 ὑπάντησιν
1548 199 1790 265 σπουδῆς

102 288 201 355 τὴν
241 285 542 356 θυγατέρα·
594 287 773 354 <265>
812 292 1148 355 καθιερῶσαι
1188 288 1291 355 γὰρ
1332 287 1503 354 αὐτὴν
1543 294 1615 356 τῷ
1656 291 1788 356 θεῷ.

102 382 164 444 τῇ
214 371 275 427 δὲ
326 376 386 427 τὸ
439 378 860 443 συμβησόμενον
909 375 1009 427 οὐκ
1057 373 1238 442 ἀηδῶς
1284 373 1654 444 προσέπεσεν,
1702 372 1789 425 ἐπὶ

103 465 230 533 νίκῃ
270 470 368 516 τοῦ
406 465 609 532 πατρὸς
641 462 731 515 καὶ
772 463 1062 533 ἐλευθερία
1101 472 1210 515 τῶν
1250 467 1490 516 πολιτῶν
1528 462 1790 530 τεθνηξο-

59 571 79 602 5
104 549 262 621 μένῃ·
296 552 626 621 παρεκάλεσε
654 551 733 619 δέ,
767 553 868 604 δύο
902 557 1073 619 μῆνας
1105 551 1239 619 αὐτῇ
1273 554 1623 620 παρασχόντα
1654 553 1790 619 πρὸς

102 642 162 693 τὸ
204 641 336 708 μετὰ
375 650 485 693 τῶν
523 645 765 693 πολιτῶν
806 639 1191 709 ἀποθρηνῆσαι
1231 641 1333 707 τὴν
1372 643 1628 708 νεότητα,
1668 642 1789 692 τότε

101 739 280 781 ποιεῖν
329 729 394 781 τὰ
444 723 560 780 κατ’
604 728 786 797 εὐχήν.
863 727 1041 793 <266>
1091 730 1449 796 συγχωρήσας
1498 725 1557 779 δὲ
1612 728 1788 792 [κατὰ]

102 818 198 870 τὸν
236 814 637 887 προειρημένον
676 819 900 885 χρόνον,
944 816 1074 884 μετὰ
1114 824 1312 868 τοῦτον
1353 817 1648 868 διελθόντα
1686 816 1790 867 θύ-

104 919 201 967 σας
239 907 340 973 τὴν
385 906 555 957 παῖδα
595 905 1019 971 ὡλοκαύτωσεν,
1066 904 1191 956 οὔτε
1231 906 1469 973 νόμιμον
1511 905 1636 957 οὔτε
1676 910 1790 974 θεῷ

37 1012 78 1043 10
101 991 499 1063 κεχαρισμένην
549 996 757 1045 θυσίαν
805 992 1097 1061 ἐπιτελῶν,
1153 994 1225 1060 μὴ
1277 994 1671 1060 διαβασανίσας
1718 1000 1791 1062 τῷ

103 1086 346 1153 λογισμῷ
387 1084 448 1135 τὸ
488 1084 888 1149 γενησόμενον,
941 1074 1061 1134 οἷον
1101 1083 1162 1134 τὸ
1202 1078 1452 1150 πραχθὲν
1494 1080 1640 1144 δόξει
1679 1090 1792 1142 τοῖς

104 1169 390 1223 ἀκούσασι.

215 1259 392 1325 <267>
424 1266 518 1326 τῆς
550 1255 603 1310 δ’
644 1255 949 1327 Ἐφραίμου
989 1262 1167 1326 φυλῆς
1208 1255 1288 1310 ἐπ’
1328 1258 1497 1311 αὐτὸν
1539 1272 1791 1327 στρατευ-
1828 1270 1879 1308 11

106 1348 300 1416 σάσης,
350 1347 431 1400 ὅτι
479 1348 551 1415 μὴ
600 1348 925 1399 κοινώσαιτο
973 1347 1073 1414 τὴν
1115 1344 1196 1398 ἐπ’
1237 1345 1565 1415 Ἀμμανίτας
1604 1349 1792 1399 ἔλασιν

39 1453 80 1484 15
104 1435 291 1497 αὐτοῖς
344 1434 482 1487 ἀλλὰ
538 1438 706 1503 μόνος
760 1433 849 1486 καὶ
899 1435 998 1502 τὴν
1046 1437 1199 1486 λείαν
1255 1437 1368 1504 ἔχοι
1420 1433 1508 1486 καὶ
1556 1437 1656 1503 τὴν
1705 1433 1793 1487 ἐπὶ

103 1533 217 1586 τοῖς
254 1522 654 1592 πεπραγμένοις
694 1522 891 1590 δόξαν,
930 1532 1148 1591 πρῶτον
1189 1520 1289 1591 μὲν
1330 1526 1515 1590 ἔλεγεν
1556 1524 1627 1585 ὡς
1667 1524 1792 1576 οὔτε

105 1612 334 1665 λάθοιεν
379 1613 579 1674 αὐτοὺς
626 1613 683 1665 οἱ
725 1622 1008 1680 συγγενεῖς
1046 1613 1479 1680 πολεμούμενοι,
1527 1612 1792 1680 καλούμε-

104 1704 199 1754 νοί
233 1720 287 1753 τε
327 1703 462 1770 πρὸς
502 1705 814 1770 συμμαχίαν
855 1701 921 1754 οὐ
959 1698 1348 1769 παρεγένοντο,
1389 1699 1518 1753 δεόν
1557 1698 1648 1752 καὶ
1688 1702 1792 1767 πρὸ

106 1791 344 1858 δεήσεως
376 1788 683 1857 ἐγνωκότας
715 1789 1056 1858 ἐπειχθῆναι,
1096 1788 1275 1855 <268>
1311 1786 1485 1840 ἔπειθ’
1520 1789 1592 1850 ὡς
1631 1789 1793 1840 ἄδικα

38 1894 82 1926 20
105 1879 361 1948 πράττειν
417 1877 753 1947 ἐπιχειροῦσι
807 1886 921 1940 τοῖς
975 1880 1256 1945 πολεμιόις
1307 1877 1373 1930 οὐ
1426 1879 1794 1945 τολμήσαντες

105 1968 184 2028 εἰς
228 1976 412 2037 χεῖρας
459 1965 678 2033 ἐλθεῖν,
726 1964 813 2018 ἐπὶ
861 1962 922 2017 δὲ
972 1968 1100 2027 τοὺς
1140 1974 1422 2032 συγγενεῖς
1461 1965 1791 2034 ὡρμηκότες·

104 2056 316 2124 ἠπείλει
367 2075 423 2107 τε
476 2057 580 2107 σὺν
630 2062 704 2125 τῷ
745 2059 859 2125 θεῷ
903 2056 1179 2121 λήψεσθαι
1221 2055 1381 2121 δίκην
1420 2051 1545 2121 παρ’
1593 2053 1795 2121 αὐτῶν,

109 2143 178 2196 ἂν
217 2145 290 2212 μὴ
333 2152 713 2213 σωφρονῶσιν.
793 2143 972 2209 <269>
1013 2142 1084 2203 ὡς
1126 2139 1174 2194 δ’
1223 2142 1322 2194 οὐκ
1362 2144 1610 2209 ἔπειθεν,
1657 2141 1794 2194 ἀλλὰ

108 2229 410 2300 συνέβαλεν
461 2232 647 2293 αὐτοῖς
697 2230 928 2283 ἐλθοῦσι
980 2231 1112 2298 μετὰ
1160 2238 1412 2299 στρατιᾶς
1457 2230 1489 2297 ἣ
1531 2230 1795 2298 μετάπεμ-

40 2334 83 2366 25
107 2337 239 2382 πτος
264 2319 322 2372 ἐκ
346 2327 442 2387 τῆς
466 2321 791 2387 Γαλαδηνῆς
816 2318 1095 2386 ἐληλύθει,
1127 2321 1304 2387 φόνον
1330 2337 1384 2370 τε
1409 2320 1588 2370 πολὺν
1613 2318 1794 2370 αὐτῶν

109 2407 420 2477 εἰργάσατο,
459 2405 549 2459 καὶ
576 2408 792 2459 διώκων
828 2404 1146 2475 τραπέντας,
1178 2406 1473 2474 προλαβὼν
1506 2403 1655 2475 μέρει
1687 2403 1795 2457 τινὶ

106 2492 603 2566 προαπεσταλμένῳ
643 2502 742 2547 τοῦ
777 2491 1062 2562 Ἰορδάνου
1111 2494 1206 2555 τὰς
1245 2493 1550 2560 διαβάσεις,
1596 2496 1795 2545 κτείνει

107 2582 232 2653 περὶ
273 2585 576 2652 δισχιλίους
607 2581 697 2634 καὶ
728 2584 1214 2651 τετρακισμυρίους
1252 2583 1560 2648 γεγονότας.
1613 2583 1793 2648 <270>

108 2672 271 2734 αὐτὸς
304 2670 351 2723 δ’
385 2671 549 2741 ἄρξας
580 2670 634 2734 ἓξ
669 2673 756 2738 ἔτη
790 2674 1032 2741 τελευτᾷ,
1064 2669 1154 2722 καὶ
1184 2671 1449 2722 θάπτεται
1483 2670 1542 2722 ἐν
1573 2677 1636 2738 τῇ
1672 2668 1794 2721 ἑαυ-
1830 2683 1881 2721 12

41 2769 206 2813 3οτοῦ
244 2761 465 2829 πατρίδι
506 2763 709 2829 Σεβεῇ·
750 2766 842 2827 τῆς
882 2760 1204 2826 Γαλαδηνῆς
1245 2755 1294 2810 δ’
1342 2757 1490 2810 ἐστὶν
1531 2757 1682 2826 αὕτη.

227 2865 250 2914 ξ
282 2865 367 2904 265
395 2882 450 2897 =
476 2859 616 2903 Iudic.
650 2859 713 2902 XI
745 2866 816 2904 37.
