2052 3141
620 603 943 664 ΒΙΒΑΟΣ
990 603 1392 663 ΠΕΜΠΤΗ.

265 747 372 814 <1>
412 745 685 809 Μωυσέος
725 744 785 799 δὲ
823 749 921 800 τὸν
964 746 1364 816 προειρημένον
1403 751 1609 817 τρόπον
1651 749 1704 813 ἐξ
1747 749 1843 802 ἀν-
1874 759 1901 809 1

150 837 396 902 θρώπων
435 835 854 903 ἀπογεγονότος,
889 833 1118 903 Ἰησοῦς,
1159 835 1415 889 ἁπάντων
1456 839 1561 906 ἤδη
1604 847 1714 890 τῶν
1756 836 1836 890 ἐπ’

152 923 297 994 αὐτῷ
348 922 761 992 νενομισμένων
811 922 965 986 τέλος
1020 923 1260 993 ἐχόντων
1311 923 1401 976 καὶ
1451 933 1550 977 τοῦ
1601 923 1845 989 πένθους

152 1014 548 1081 λελωφηκότος,
586 1014 951 1081 παρήγγειλεν
996 1010 1082 1064 ἐπὶ
1116 1015 1403 1081 στρατείαν
1444 1012 1663 1081 ἕτοιμον
1703 1011 1844 1067 εἶναι

105 1116 126 1150 5
150 1101 210 1152 τὸ
241 1104 467 1168 πλῆθος.
533 1101 637 1168 <2>
662 1102 858 1168 πέμπει
893 1098 952 1152 δὲ
984 1103 1360 1162 κατασκόπους
1392 1103 1468 1163 είς
1491 1099 1845 1171 Ἱεριχοῦντα,

150 1190 250 1256 τήν
288 1207 344 1241 τε
387 1190 624 1258 δύναμιν
665 1189 846 1241 αὐτῶν
898 1187 987 1241 καὶ
1027 1192 1150 1241 τίνα
1191 1190 1446 1242 διάνοιαν
1487 1191 1709 1260 ἔχουσιν
1750 1191 1846 1243 αὐ-

151 1274 236 1329 τοὶ
283 1275 683 1346 γνωσομένους.
762 1277 926 1339 αὐτὸς
974 1275 1022 1329 δ’
1078 1277 1292 1345 ἐξήταζε
1339 1280 1436 1330 τὸν
1489 1281 1723 1347 στρατὸν
1775 1280 1847 1341 ὡς

151 1366 286 1417 κατὰ
341 1367 536 1435 καιρὸν
592 1367 991 1434 διαβησόμενος
1036 1367 1132 1417 τὸν
1175 1362 1479 1435 Ἰορδάνην.
1559 1366 1665 1434 <3>
1715 1365 1845 1418 ἀνα-

151 1454 520 1522 καλεσάμενος
571 1451 631 1506 δὲ
678 1455 806 1516 τοὺς
845 1461 938 1521 τῆς
983 1455 1322 1522 Ρουβηλίδος
1362 1459 1539 1523 φυλῆς
1579 1456 1847 1524 ἄρχοντας

88 1559 130 1592 10
152 1541 242 1594 καὶ
289 1544 418 1604 τοὺς
463 1549 557 1610 τῆς
603 1544 655 1594 Γ
651 1543 842 1604 αδίδος
887 1540 977 1594 καὶ
1023 1544 1456 1610 Μανασσήτιδος
1501 1552 1846 1612 προεστῶτας

154 1628 232 1700 (ἐξ
288 1630 536 1699 ἡμισείας
589 1632 692 1700 γὰρ
745 1629 834 1683 καὶ
890 1631 1018 1699 τῇδε
1069 1638 1132 1700 τῇ
1189 1636 1336 1700 φυλῇ
1399 1633 1499 1700 τὴν
1548 1629 1845 1700 Ἀμοραίαν

152 1729 426 1772 κατοικεῖν
482 1718 839 1789 ἐπετέτραπτο
899 1722 1013 1787 [τῆς
1070 1722 1400 1772 Χαναναίων
1455 1728 1552 1788 γῆς
1607 1719 1846 1788 ἕβδομον

154 1803 328 1860 οὖσαν
360 1806 572 1878 μέρος])
604 1808 1016 1876 ὑπεμίμνησκεν
1049 1807 1081 1859 ἃ
1113 1806 1420 1877 ὑπέσχηντο
1446 1811 1697 1876 Μωυσεῖ,
1743 1810 1848 1877 <4>

153 1893 243 1948 καὶ
298 1896 590 1966 παρεκάλει
645 1894 1035 1966 χαριζομένους
1089 1903 1152 1964 τῇ
1212 1893 1260 1947 τ’
1325 1895 1540 1950 ἐκείνου
1594 1901 1848 1969 προνοίᾳ,

88 2000 129 2034 15
154 1982 279 2053 μηδ’
321 1981 397 2037 ὅτ’
438 1981 751 2052 ἀπέθνησκε
784 1982 908 2053 περὶ
942 1983 1143 2046 αὐτοὺς
1174 1985 1443 2054 καμούσῃ,
1483 1992 1556 2055 τῷ
1599 2004 1655 2036 τε
1688 1994 1846 2054 κοινῇ

154 2072 492 2144 συμφέροντι
505 2071 765 2142 παρέχειν
790 2073 991 2134 αὑτοὺς
1016 2074 1093 2134 είς
1118 2073 1182 2124 τὰ
1201 2075 1688 2141 παραγγελλόμενα
1714 2093 1847 2142 προ-

151 2162 384 2230 θύμους.
434 2171 544 2214 τῶν
574 2158 627 2214 δ’
654 2159 938 2229 ἑπομένων
968 2161 1212 2223 ὁπλίταις
1236 2164 1715 2229 πεντακισμυρίοις
1740 2162 1845 2216 ἀπὸ

152 2257 247 2317 τῆς
271 2247 489 2318 Ἀβίλης
522 2247 608 2302 ἐπὶ
640 2251 736 2302 τὸν
764 2247 1053 2319 Ἰορδάνην
1095 2247 1237 2320 ἐξῄει
1279 2250 1536 2311 σταδίους
1570 2248 1844 2317 ἑξήκοντα.

266 2337 372 2405 <5>
421 2335 511 2390 καὶ
563 2339 1130 2407 στρατοπεδεύσαντος
1181 2338 1353 2400 εὐθὺς
1408 2338 1466 2389 οἱ
1512 2338 1844 2393 κατάσκοποι
1878 2360 1902 2398 2

87 2443 131 2474 20
153 2432 436 2495 παρῆσαν,
492 2422 665 2494 μηδὲν
720 2424 1089 2493 ἀγνοήσαντες
1140 2436 1251 2478 τῶν
1305 2427 1451 2495 παρὰ
1498 2436 1612 2489 τοϊς
1665 2431 1846 2480 Χανα-

153 2517 344 2576 ναίοις.
423 2513 681 2576 ἐλθόντες
728 2515 831 2582 γὰρ
879 2516 939 2566 τὸ
987 2524 1206 2584 πρῶτον
1257 2516 1473 2567 ἅπασαν
1523 2512 1604 2567 ἐπ’
1660 2515 1847 2578 ἀδει-ας

153 2604 254 2671 τὴν
289 2605 453 2655 πόλιν
485 2602 666 2654 αὐτῶν
699 2605 1056 2670 κατενόησαν,
1096 2612 1206 2655 τῶν
1245 2621 1300 2654 τε
1341 2612 1534 2672 τειχῶν
1576 2603 1677 2656 ὅσα
1716 2624 1844 2672 καρ-

153 2692 283 2760 τερὰ
314 2688 405 2743 καὶ
439 2690 540 2742 ὅσα
572 2691 644 2758 μὴ
678 2698 875 2743 τοῦτον
916 2693 1028 2760 ἔχοι
1068 2692 1164 2743 τὸν
1204 2693 1408 2759 τρόπον
1448 2691 1634 2754 αὐτοῖς
1672 2691 1846 2761 ἀσφα-

156 2783 292 2848 λῶς,
341 2777 433 2832 καὶ
483 2788 593 2830 τῶν
647 2779 897 2831 πυλίδων
949 2782 1009 2831 αἳ
1053 2780 1190 2848 πρὸς
1236 2780 1458 2832 εἴσοδον
1505 2787 1578 2851 τῷ
1622 2794 1844 2850 στρατο-

275 2884 299 2933 ἓ
336 2879 607 2924 1=10s.1
643 2884 708 2923 11.
805 2879 1082 2932 §2=10s.
1115 2879 1157 2922 ΙΙ
1191 2884 1228 2923 1.
1322 2880 1599 2933 §5=Ios‚
1634 2881 1675 2923 Π
1710 2888 1745 2926 1.
