2052 3141
851 74 1061 117 ΠΡΩΤΗ
1728 77 1800 130 45

111 208 314 278 μένοις,
352 208 443 261 καὶ
468 212 825 277 συμβαλοῦσα
856 208 1075 278 ποιμέσι
1109 211 1199 262 διὰ
1233 212 1332 279 τὴν
1373 210 1425 274 ἐξ
1468 211 1649 264 αὐτῶν
1690 211 1802 264 ἐπι-

110 296 331 366 μέλειαν
358 297 644 365 διαφεύγει
670 297 764 358 τὰς
788 300 1167 366 ταλαιπωρίας.
1225 299 1428 368 (220)
1455 298 1802 368 ἀνδρωθέντι
1835 315 1861 353 4

111 388 179 454 δὴ
206 393 278 457 τῷ
305 383 462 438 παιδὶ
486 385 720 452 γύναιον
745 386 950 452 ἄγεται,
991 387 1050 438 τὸ
1085 384 1244 453 γένος
1270 388 1577 454 Αίγύπτιον
1613 387 1802 458 (ἔνθεν

111 472 159 526 δ’
199 470 269 542 ἦν
301 471 392 525 καὶ
426 472 562 540 αὐτὴ
595 474 655 525 τὸ
682 471 954 543 ἀρχαῖον),
996 472 1048 536 ἐξ
1083 470 1149 526 οὗ
1190 476 1380 537 παῖδες
1414 473 1680 548 Ἰσμαήλῳ
1722 481 1802 544 γί-

13 575 301 634 ,ὅνονται
343 562 555 614 δώδεκα
595 561 817 630 πάντες,
857 564 1223 631 Ναβαιώθης,
1265 565 1547 633 Κήδαρος,
1583 562 1803 633 Ἀβδέη-

110 655 221 717 λος,
259 650 591 718 Μασσάμας,
626 637 895 717 ἑΙδούμας,
936 651 1194 720 ΑΜάσμας,
1233 655 1489 720 Μασσῆς,
1531 655 1802 721 Χόδαδος,

112 736 385 806 Θέμανος,
418 735 710 805 Ἰέτουρος,
751 738 1072 806 Νάφαισος,
1113 738 1346 808 Κέδμας.
1427 742 1606 809 <221>
1647 738 1800 795 οὗτοι

109 834 289 878 πᾶσαν
328 826 428 893 τὴν
470 823 558 877 ἀπ’
606 826 906 895 Εὐφράτου
939 830 1298 895 καθήκουσαν
1337 831 1473 897 πρὸς
1512 832 1612 898 τὴν
1647 829 1801 899 Ἐρυ-

108 914 256 983 θρὰν
322 913 603 965 θάλατταν
660 923 1012 983 κατοικοῦσι,
1067 919 1406 985 Ναβατηνὴν
1463 919 1562 986 τὴν
1618 920 1802 987 χώραν

45 1017 87 1049 10
111 1001 496 1070 ὀνομάσαντες.
575 1000 681 1054 εἰσὶ
723 1000 775 1053 δ’
818 998 972 1055 οὗτοι
1013 1006 1069 1056 οἳ
1103 1007 1163 1056 τὸ
1205 1014 1314 1057 τῶν
1349 1004 1598 1073 Ἀράβων
1638 1009 1804 1069 ἔθνος

109 1090 243 1142 κατὰ
274 1089 454 1158 φυλὰς
487 1086 580 1157 ἀφ’
621 1088 802 1141 αὑτῶν
835 1094 1066 1142 καλοῦσι
1100 1091 1191 1142 διά
1231 1111 1286 1143 τε
1328 1093 1427 1160 τὴν
1468 1092 1668 1163 ἀρετὴν
1708 1096 1803 1147 αὐ-

109 1187 218 1231 τῶν
258 1176 348 1230 καὶ
389 1178 481 1230 διὰ
520 1179 581 1230 τὸ
616 1175 892 1246 Ἀβράμου
934 1177 1156 1246 ἀξίωμα.

223 1267 403 1334 <222>
449 1265 667 1318 Ἴσακον
725 1263 784 1318 δὲ
842 1266 870 1319 ὁ
933 1269 1108 1335 πατὴρ
1152 1266 1428 1337 ’Ἀβραμος
1482 1270 1804 1341 ὑπερηγάπα
1827 1273 1891 1325 13

111 1363 384 1424 μονογενῆ
420 1356 553 1407 ὄντα
584 1353 673 1406 καὶ
708 1353 794 1406 ἐπὶ
828 1357 1007 1423 γήρως
1041 1356 1187 1427 οὐδῷ
1223 1358 1357 1409 κατὰ
1399 1359 1614 1426 δωρεὰν
1656 1360 1801 1431 αὐτῷ

45 1457 86 1490 15
111 1452 210 1498 τοῦ
248 1449 388 1497 θεοῦ
430 1445 746 1511 γενόμενον.
825 1449 1187 1512 προυκαλεῖτο
1238 1444 1285 1497 δ’
1334 1448 1411 1508 εἰς
1450 1448 1674 1500 εὔνοιαν
1714 1448 1803 1501 καὶ

111 1534 171 1585 τὸ
228 1537 515 1601 φιλεῖσθαι
571 1536 781 1599 μᾶλλον
836 1532 942 1585 ὑπὸ
998 1542 1107 1585 τῶν
1159 1532 1370 1600 γονέων
1426 1534 1516 1587 καὶ
1572 1537 1735 1599 αὐτὸς
1776 1538 1802 1590 ὁ

111 1630 255 1689 παῖς,
296 1620 633 1688 ἐπιτηδεύων
672 1628 856 1673 πᾶσαν
891 1620 1108 1689 ἀρετήν,
1148 1621 1237 1674 καὶ
1278 1631 1370 1691 τῆς
1408 1644 1463 1676 τε
1504 1634 1614 1676 τῶν
1645 1625 1804 1678 πατέ-

114 1729 230 1779 ρων
269 1712 567 1778 θεραπείας
614 1707 872 1778 ἐχόμενος
910 1708 999 1761 καὶ
1038 1709 1162 1780 περὶ
1202 1712 1301 1779 τὴν
1342 1719 1440 1765 τοῦ
1480 1718 1619 1766 θεοῦ
1666 1719 1805 1783 θρη-

119 1800 306 1850 σκείαν
340 1796 707 1860 ἐσπουδακώς.
787 1798 964 1865 <223>
991 1796 1268 1867 ’Ἀβραμος
1294 1797 1354 1852 δὲ
1394 1803 1495 1869 τὴν
1529 1803 1677 1854 ἰδίαν
1717 1803 1806 1855 εὐ-

46 1900 90 1932 20
115 1887 409 1954 δαιμονίαν
464 1885 523 1938 ἐν
578 1889 730 1958 μόνῳ
786 1894 859 1958 τῷ
917 1889 1014 1940 τὸν
1067 1889 1192 1940 υἱὸν
1250 1888 1437 1957 ἀπαθῆ
1493 1892 1804 1943 καταλιπὼν

112 1973 359 2038 ἐξελθεῖν
414 1982 512 2028 τοῦ
567 1977 660 2043 ζῆν
701 1974 928 2028 ἐτίθετο.
1008 1978 1262 2030 τοιούτου
1304 1976 1490 2046 μέντοι
1531 1980 1665 2030 κατὰ
1705 1981 1805 2048 τὴν

112 2072 209 2116 τοῦ
254 2068 394 2116 θεοῦ
443 2064 711 2131 βούλησιν
761 2066 972 2133 ἔτυχεν·
1023 2062 1082 2126 ὃς
1135 2066 1423 2135 διάπειραν
1463 2067 1634 2119 αὐτοῦ
1674 2071 1804 2136 βου-

110 2154 341 2219 λόμενος
373 2154 563 2220 λαβεῖν
593 2159 688 2219 τῆς
719 2150 843 2217 περὶ
884 2152 1052 2205 αὐτὸν
1088 2158 1404 2223 θρησκείας,
1445 2154 1805 2224 ἐμφανισθεὶς

113 2238 259 2310 αὐτῷ
294 2238 384 2291 καὶ
415 2237 584 2291 πάνθ’
632 2239 735 2292 ὅσα
766 2245 848 2308 εἴη
883 2241 1290 2311 παρεσχημένος
1328 2245 1804 2312 καταριθμησάμε-

47 2340 89 2373 25
112 2346 227 2394 νος,
267 2327 445 2394 <224>
473 2327 544 2389 ὡς
570 2331 848 2395 πολεμίων
879 2349 935 2381 τε
967 2334 1251 2398 κρείττονα
1291 2334 1533 2399 ποιήσειε
1575 2331 1665 2384 καὶ
1704 2334 1803 2401 τὴν

114 2422 402 2483 παροῦσαν
442 2414 799 2482 εὐδαιμονίαν
841 2415 899 2468 ἐκ
937 2425 1030 2485 τῆς
1069 2418 1239 2471 αὐτοῦ
1281 2421 1524 2488 σπουδῆς
1563 2422 1676 2490 ἔχοι
1716 2420 1806 2473 καὶ

113 2504 210 2556 τὸν
248 2503 374 2555 υἱὸν
403 2501 650 2570 Ἴσακον,
696 2501 814 2572 ᾔτει
855 2513 1053 2558 τοῦτον
1094 2507 1238 2578 αὐτῷ
1279 2513 1434 2575 θῦμα
1473 2507 1563 2560 καὶ
1606 2510 1805 2579 ἱερεῖον

114 2600 429 2661 παρασχεῖν.
516 2587 733 2642 ἐκέλευέ
781 2610 837 2642 τε
890 2600 1087 2645 τοῦτον
1143 2596 1220 2656 εἰς
1273 2597 1333 2647 τὸ
1388 2597 1623 2665 [Μώριον
1680 2600 1806 2667 ὄρος

118 2677 463 2746 ἀναγαγόντα
520 2678 893 2731 ὁλοκαυτῶσαι
932 2683 1144 2750 βωμὸν
1208 2683 1605 2752 ἱδρυσάμενον·
1663 2687 1804 2740 οὕτω

235 2812 259 2861 ξ
291 2813 377 2852 220
412 2830 467 2844 =
494 2807 766 2852 Gen.2XXV
800 2814 874 2861 12;
910 2816 931 2853 1
967 2810 1118 2856 Paral.
1152 2812 1172 2854 Ι
1204 2817 1272 2856 29.
1427 2818 1450 2867 ξ
1484 2819 1568 2858 222
1604 2838 1658 2853 =
1692 2816 1802 2860 Gen.

116 2879 245 2923 XXII
277 2886 316 2926 1.
441 2886 465 2935 ξ
499 2886 584 2925 224
611 2903 666 2918 =
691 2881 802 2926 Gen.
836 2883 962 2926 XXII
996 2889 1033 2928 2.
