2052 3141
191 48 294 99 148
800 46 1254 88 ΑΡΧΑΙοΑοΓΙΑΣ

187 180 445 250 πολέμου.
508 188 704 233 τοῦτον
738 176 837 248 μὲν
870 180 974 248 γὰρ
1007 174 1149 231 εἶναι
1180 180 1315 248 πρὸς
1347 176 1699 246 ἀνθρώπους·
1741 176 1774 229 ἃ
1815 173 1868 230 δ’

188 266 258 338 ἦν
299 269 484 331 αὐτοῖς
521 270 656 337 πρὸς
706 270 868 336 λιμὸν
919 265 1010 321 καὶ
1050 268 1210 329 δίψος
1257 267 1435 334 ἄπορα
1473 264 1564 318 καὶ
1601 267 1736 333 πρὸς
1775 266 1875 333 ὄρη

189 356 280 410 καὶ
312 357 593 409 θάλατταν
627 356 760 409 ὁδὸν
795 356 896 408 οὐκ
927 357 1113 424 ἔχουσι
1145 362 1341 423 φυγῆς,
1381 351 1527 405 ταῦτ’
1567 353 1754 414 αὐτοῖς
1785 353 1878 404 διὰ

190 448 291 514 τὴν
327 443 615 514 εὐμένειαν
650 445 749 512 τὴν
785 444 932 513 παρὰ
963 450 1062 496 τοῦ
1099 447 1238 495 θεοῦ
1269 447 1609 510 νενικῆσθαι.
1672 449 1776 495 νῦν
1817 437 1878 493 δὲ

191 530 453 600 γενέσθαι
506 532 799 601 παρεκάλει
851 530 1308 601 προθυμοτάτους
1355 530 1428 591 ὡς
1478 536 1573 596 τῆς
1620 528 1875 581 ἁπάντων
1901 542 1919 573 5

192 621 449 689 εὐπορίας
480 620 666 682 αὐτοῖς
699 619 758 672 ἐν
798 627 872 690 τῷ
906 625 1170 686 κρατῆσαι
1210 627 1319 670 τῶν
1358 617 1576 686 ἐχθρῶν
1616 615 1879 685 κειμένης.

304 709 448 775 <4ῖ>
496 707 588 761 καὶ
636 711 884 775 [Μωυσῆς
930 704 1030 775 μὲν
1076 707 1346 768 τοιούτοις
1391 706 1779 774 παρεθάρρυνε
1817 706 1879 758 τὸ

192 801 406 865 πλῆθος
453 798 663 864 λόγοις,
711 794 801 848 καὶ
841 799 1129 862 συγκαλῶν
1176 796 1304 856 τούς
1343 814 1398 859 τε
1437 794 1754 862 φυλάρχους
1791 791 1881 845 καὶ

192 894 302 937 τῶν
343 883 403 937 ἐν
443 883 584 938 τέλει
616 881 743 937 καθ’
784 881 1046 945 ἑκάστους
1076 902 1131 936 τε
1166 881 1255 935 καὶ
1297 884 1400 934 σὺν
1442 881 1715 950 ἀλλήλοις,
1753 883 1882 942 τοὺς

194 970 294 1040 μὲν
326 970 628 1042 νεωτέρους
658 972 951 1041 παρεκάλει
990 975 1286 1024 πείθεσθαι
1325 979 1439 1032 τοῖς
1476 968 1881 1039 πρεσβυτέροις,

193 1064 322 1123 τοὺς
370 1058 430 1114 ὁὲ
476 1060 785 1129 ἀκροᾶσθαι
831 1068 930 1112 τοῦ
971 1067 1291 1127 στρατηγοῦ.
1369 1059 1511 1123 (48)
1554 1060 1610 1111 οἳ
1646 1054 1694 1109 ὁ’
1741 1054 1883 1124 ’ἦσαν

195 1148 283 1201 ἐπὶ
321 1151 418 1202 τὸν
458 1150 724 1202 κίνὸυνον
756 1149 849 1209 τὰς
887 1148 1065 1216 ψυχὰς
1105 1145 1331 1215 ἠρμένοι
1373 1144 1462 1198 καὶ
1501 1147 1636 1213 πρὸς
1674 1147 1734 1197 τὸ
1776 1146 1883 1198 ὁέι-

196 1239 295 1289 νὸν
321 1234 547 1304 ἑτοίμως
571 1238 804 1305 ἔχοντες,
843 1237 1070 1302 ἤλπιζον
1096 1234 1587 1301 ἀπαλλαγήσεσθαί
1613 1252 1740 1285 ποτε
1774 1242 1883 1284 τῶν

194 1334 407 1392 κακῶν,
462 1322 551 1376 καὶ
599 1326 695 1377 τὸν
743 1326 996 1390 Μωυσῆν
1047 1320 1299 1375 ἐκέλευον
1346 1323 1501 1389 ἄγειν
1549 1322 1748 1383 αὐτοὺς
1799 1318 1885 1373 ἐπὶ

195 1415 323 1475 τοὺς
361 1414 656 1479 πολεμίους
694 1413 798 1479 ἤὸη
839 1409 928 1463 καὶ
969 1412 1040 1479 μὴ
1083 1408 1331 1478 μέλλειν,
1373 1410 1444 1472 ὡς
1483 1417 1575 1476 τῆς
1614 1408 1886 1477 ἀναβολῆς

197 1501 592 1569 ἐμποδιζούσης
639 1501 738 1567 τὴν
784 1502 1105 1567 προθυμίαν
1153 1498 1349 1551 αὐτῶν.
1429 1498 1569 1563 (49)
1610 1497 1638 1549 ὃ
1688 1494 1747 1550 δὲ
1795 1504 1888 1564 τῆς

197 1590 448 1657 πληθύος
488 1587 786 1654 ἀποκρίνας
823 1595 932 1639 πᾶν
972 1589 1032 1640 τὸ
1073 1587 1310 1655 μάχιμον
1345 1583 1559 1654 Ἰησοῦν
1600 1584 1886 1653 ἐφίστησιν

198 1677 372 1747 αὐτῷ,
427 1678 695 1742 Ναυήνου
744 1671 843 1741 μὲν
900 1673 1058 1739 υἶόν,
1112 1678 1288 1741 φυλῆς
1328 1682 1420 1740 τῆς
1464 1671 1887 1741 Ἐφραιμίτιδος,

198 1765 588 1833 ἀνόρειότατον
641 1760 701 1815 δὲ
753 1761 842 1814 καὶ
894 1764 1098 1824 πόνους
1145 1763 1448 1828 ὑποστῆναι
1496 1763 1750 1829 γεννικὸν
1797 1759 1886 1813 καὶ

197 1855 399 1921 νοῆσαί
434 1872 487 1904 τε
521 1850 611 1904 καὶ
643 1853 815 1903 εἰπεῖν
851 1851 1203 1911 ἱκανώτατον,
1242 1848 1329 1901 καὶ
1370 1851 1750 1917 θρησκεύοντα
1790 1850 1886 1902 τὸν

198 1943 335 1994 θεὸν
369 1940 663 2008 ἐκπρεπῶς,
703 1938 792 1991 καὶ
825 1942 1078 2004 ΛΨΙωυσῆν
1113 1938 1446 1990 ὸιὸάσκαλον
1487 1946 1580 2004 τῆς
1618 1940 1754 2005 πρὸς
1792 1937 1887 1989 αὐ-

199 2031 295 2081 τὸν
343 2029 622 2094 εὐσεβείας
669 2024 1071 2093 πεποιημένον,
1126 2027 1433 2092 τιμώμενόν
1480 2044 1533 2077 τε
1583 2025 1727 2090 παρὰ
1776 2033 1888 2085 τοῖς

191 2115 478 2184 Ἑβραίοις.
561 2116 702 2182 <ὀΟ>
736 2116 912 2181 βραχὺ
955 2111 1018 2164 ὁέ
1048 2133 1096 2164 τι
1136 2111 1259 2179 περὶ
1300 2115 1359 2165 τὸ
1401 2113 1550 2180 ὕδωρ
1592 2113 1736 2174 ἔταξε
1779 2121 1887 2163 τῶν

201 2205 438 2256 ὁπλιτῶν
473 2202 559 2255 ἐπὶ
591 2207 807 2271 φυλακῇ
840 2203 1055 2253 παίδων
1088 2199 1176 2252 καὶ
1210 2211 1486 2267 γυναικῶν
1527 2208 1622 2253 τοῦ
1664 2219 1715 2252 τε
1757 2202 1889 2269 πρό-

199 2311 402 2353 παντος
443 2288 828 2358 στρατοπέδου.
907 2288 997 2340 καὶ
1047 2290 1212 2341 νύκτα
1261 2286 1361 2356 μὲν
1401 2297 1579 2341 πᾶσαν
1620 2287 1681 2340 ἐν
1719 2307 1888 2355 παρα-
1913 2303 1931 2330 2

203 2389 420 2442 σκευαῖς
460 2376 618 2446 ἦσαν,
660 2388 768 2431 τῶν
807 2376 864 2429 θ’
907 2378 1091 2429 ὅπλων
1132 2382 1186 2428 fi?
1220 2397 1269 2428 τι
1309 2378 1613 2443 πεπονηκὸς
1655 2372 1720 2442 ἦν
1759 2374 1888 2426 ανα-

203 2467 572 2535 λαμβάνοντες
641 2465 730 2517 καὶ
793 2475 904 2527 τοῖς
976 2473 1297 2533 στρατηγοῖς
1367 2461 1754 2531 προσέχοντες,
1817 2463 1889 2523 ὡς

204 2555 535 2622 ὁρμήσοντες
590 2552 676 2605 ἐπὶ
731 2555 830 2620 τὴν
886 2553 1064 2621 μάχην
1119 2553 1279 2605 ὁπότε
1333 2552 1639 2603 κελεύσειεν
1689 2551 1888 2611 αὐτοὺς

206 2644 463 2708 λῙωυσῆς.
544 2643 867 2709 διηγρύπνει
924 2638 981 2692 δὲ
1031 2639 1116 2693 καὶ
1174 2643 1449 2706 ΝῙωυσῆς,
1504 2637 1886 2690 ἀναὸιὸάσκων

205 2731 300 2780 τον
335 2728 550 2796 Ἰησοῦν
585 2728 649 2779 ὃν
681 2731 884 2795 τρόπον
927 2727 1157 2790 ἐκτάξειε
1200 2731 1258 2780 τὸ
1300 2728 1682 2793 στρατόπεδον.
1746 2726 1886 2790 Υχῶ1>

326 2838 347 2878 ,ξ
383 2834 434 2870 47
466 2852 518 2863 L
548 2827 688 2870 Exod.
725 2828 851 2870 XVII
886 2833 926 2872 9.

1908 982 1948 1012 10

1913 1421 1950 1452 15

1912 1862 1953 1892 2υ

1914 2740 1954 2768 co
