2052 3141
133 252 158 290 3

193 101 303 154 234
806 102 1257 144 APXAIOAOPIAZ

302 236 484 303 <166>
530 234 632 288 κάν
679 236 855 307 τούτῳ
905 236 1008 288 δύο
1055 234 1225 304 φυλαὶ
1272 235 1458 289 Γάδου
1506 254 1560 287 τε
1609 234 1698 288 καὶ
1729 233 1878 288 Ῥου-

191 326 365 394 βήλου
414 321 505 375 καὶ
551 330 644 391 τῆς
680 324 1098 385 Μανασσίτιδος
1143 323 1392 391 ἡμίσεια,
1444 326 1645 391 πλήθει
1695 343 1878 392 τετρα-

190 414 379 465 πόδων
427 412 885 479 εὐδαιμονοῦντες
932 410 1022 463 καὶ
1069 420 1182 473 τοῖς
1229 412 1415 473 ἄλλοις
1453 412 1650 479 ἅπασι,
1697 431 1878 464 κοινο-

191 500 558 568 λογησάμενοι
589 499 936 567 παρεκάλουν
968 502 1065 552 τὸν
1098 503 1352 567 Μωυσῆν
1385 499 1661 567 ἐξαίρετον
1694 499 1879 562 αὐτοῖς

189 590 288 657 τὴν
330 587 623 657 Ἀμωρῖτιν
669 596 969 656 παρασχεῖν
1023 589 1346 656 δορίκτητον
1397 583 1599 640 οὖσαν·
1657 587 1878 656 ἀγαθὴν

189 678 293 745 γὰρ
335 673 475 729 εἶναι
515 678 832 744 βοσκήματα
878 673 1115 745 τρέφειν.
1192 677 1373 743 (167)
1414 675 1442 729 ὃ
1484 673 1534 728 δ’
1579 676 1877 744 ὑπολαβὼν

188 765 391 827 αὐτοὺς
431 766 716 827 δείσαντας
755 766 855 833 τὴν
894 766 1030 833 πρὸς
1065 767 1413 827 Χαναναίους
1451 764 1628 834 μάχην
1666 767 1878 832 πρόφα-

188 867 279 906 σιν
311 854 552 922 εὐπρεπῆ
585 855 685 921 τὴν
711 862 819 905 τῶν
852 853 1212 920 βοσκημάτων
1246 851 1556 921 ἐπιμέλειαν
1587 854 1878 921 εὑρῆσθαι,

187 944 477 1004 κακίστους
516 939 560 994 τ’
609 941 893 1008 ἀπεκάλει,
941 939 1031 993 καὶ
1072 942 1277 1003 δειλίας
1315 941 1627 1009 εὐσχήμονα
1665 944 1876 1010 πρόφα-

188 1044 277 1081 σιν
318 1028 714 1098 ἐπινοήσαντας
755 1029 954 1091 αὐτοὺς
993 1026 1093 1096 μὲν
1145 1030 1448 1097 βούλεσθαι
1488 1037 1704 1097 τρυφᾶν
1744 1029 1875 1082 ἀπό-

186 1138 295 1179 νως
347 1118 667 1185 διάγοντας,
722 1117 943 1169 πάντων
991 1119 1544 1185 τεταλαιπωρηκότων
1591 1113 1728 1183 ὑπὲρ
1776 1126 1875 1170 τοῦ

185 1209 493 1274 κτήσασθαι
534 1207 633 1273 τὴν
673 1204 1003 1273 αἰτουμένην
1044 1202 1134 1257 ὑπ’
1183 1205 1363 1257 αὐτῶν
1404 1213 1533 1272 γῆν,
1581 1205 1761 1271 <168>
1801 1207 1873 1273 μὴ

184 1293 372 1346 θέλειν
414 1291 472 1346 δὲ
515 1293 930 1362 συναραμένους
977 1304 1087 1346 τῶν
1127 1293 1425 1347 ἐπιλοίπων
1466 1294 1723 1361 ἀγώνων,
1772 1303 1875 1362 γῆν

186 1382 254 1448 ἣν
296 1383 553 1450 διαβᾶσιν
594 1383 779 1444 αὐτοῖς
826 1385 922 1435 τὸν
959 1380 1244 1451 Ἰορδάνην
1287 1385 1314 1436 ὁ
1355 1386 1487 1445 θεὸς
1525 1384 1874 1449 παραδώσειν

184 1469 500 1539 ὑπέσχηται,
541 1472 744 1539 ταύτην
777 1475 987 1539 λαβεῖν,
1027 1470 1571 1540 καταστρεψαμένους
1603 1472 1699 1534 οὓς
1740 1472 1873 1524 ἐκεῖ-

185 1579 280 1621 νος
328 1557 609 1622 ἀπέδειξεν
658 1560 788 1627 ἡμῖν
835 1563 1144 1628 πολεμίους.
1223 1562 1404 1627 <169>
1445 1563 1501 1613 οἳ
1546 1558 1594 1612 δ’
1641 1561 1875 1628 ὁρῶντες

184 1647 540 1715 ὀργιζόμενον
592 1649 791 1711 αὐτόν,
839 1647 928 1699 καὶ
971 1650 1193 1710 δικαίως
1245 1650 1542 1716 ἠρεθίσθαι
1593 1652 1728 1716 πρὸς
1775 1651 1873 1717 τὴν

183 1733 409 1797 ἀξίωσιν
436 1735 617 1787 αὐτῶν
644 1736 1032 1803 ὑπολαβόντες,
1065 1735 1435 1803 ἀπελογοῦντο
1469 1739 1540 1805 μὴ
1569 1739 1659 1789 διὰ
1693 1740 1871 1805 φόβον

184 1832 292 1875 τῶν
332 1825 611 1875 κινδύνων
652 1822 789 1892 μηδὲ
831 1825 922 1876 διὰ
965 1826 1063 1891 τὴν
1103 1828 1238 1890 πρὸς
1271 1828 1329 1877 τὸ
1371 1835 1562 1878 πονεῖν
1602 1830 1872 1893 μαλακίαν

181 1917 517 1978 πεποιῆσθαι
570 1914 668 1979 τὴν
710 1918 953 1980 αἴτησιν,
1008 1914 1190 1978 <170>
1230 1911 1347 1965 ἀλλ’
1396 1914 1541 1976 ὅπως
1581 1916 1678 1981 τὴν
1720 1918 1870 1966 λείαν

182 1999 242 2050 ἐν
284 1999 607 2067 ἐπιτηδείοις
639 2005 1025 2063 καταλιπόντες
1057 2002 1282 2064 εὔζωνοι
1316 2005 1450 2068 πρὸς
1490 2004 1616 2064 τοὺς
1655 2002 1870 2069 ἀγῶνας

182 2086 269 2138 καὶ
318 2089 411 2149 τὰς
465 2089 636 2157 μάχας
684 2098 881 2157 χωρεῖν
931 2091 1207 2142 δύναιντο.
1287 2088 1536 2157 ἑτοίμους
1588 2089 1630 2141 τ’
1679 2094 1868 2157 ἔλεγον

180 2176 406 2238 αὑτούς,
447 2180 732 2238 κτίσαντας
771 2179 955 2238 πόλεις
994 2178 1070 2237 είς
1108 2179 1361 2244 φυλακὴν
1402 2177 1604 2229 τέκνων
1645 2177 1727 2229 καὶ
1775 2199 1868 2244 γυ-

179 2273 385 2315 ναικῶν
436 2262 526 2315 καὶ
576 2267 811 2331 κτήσεως
863 2265 1031 2316 αὐτοῦ
1081 2266 1364 2326 διδόντος,
1421 2264 1740 2317 συναπιέναι
1795 2274 1865 2336 τῷ

181 2360 406 2421 στρατῷ.
484 2354 664 2417 <171>
698 2351 785 2404 καὶ
820 2356 1066 2419 ΝῙωυσῆς
1098 2352 1354 2419 ἀρεσθεὶς
1395 2362 1465 2423 τῷ
1509 2357 1673 2424 λόγῳ.
1713 2354 1866 2406 καλέ-

179 2455 276 2501 σας
311 2437 631 2506 Ἐλεάζαρον
680 2443 773 2491 τον
822 2438 1072 2508 ἀρχιερέα
1122 2439 1205 2491 καὶ
1247 2438 1462 2506 Ἰησοῦν
1510 2441 1593 2492 καὶ
1640 2445 1765 2503 τοὺς
1806 2441 1864 2494 ἐν

178 2527 317 2579 τέλει
359 2529 588 2590 πάντας.
638 2530 930 2597 συνεχώρει
977 2531 1076 2596 τὴν
1112 2526 1399 2595 Ἀμωρῖτιν
1440 2529 1624 2590 αὐτοῖς
1664 2529 1745 2581 ἐπὶ
1792 2538 1862 2599 τῷ

180 2625 525 2685 συμμαχῆσαι,
561 2626 672 2679 τοῖς
706 2616 1030 2683 συγγενέσιν
1072 2617 1169 2677 ἕως
1209 2616 1277 2667 ἂν
1319 2621 1753 2684 καταστήσωνται
1802 2620 1862 2669 τα

177 2705 364 2755 πάντα.
430 2708 687 2772 λαβόντες
728 2701 828 2757 οὖν
870 2705 951 2757 ε’πὶ
998 2707 1208 2766 τούτοις
1249 2707 1345 2772 τὴν
1387 2708 1585 2772 χώραν.
1626 2705 1709 2756 καὶ
1754 2710 1862 2757 κτί-

1903 602 1922 635 5

1902 1045 1942 1077 10

1901 1485 1939 1517 15

1897 1931 1938 1961 20

1893 2371 1933 2401 25

178 2806 368 2854 σαντες
399 2797 583 2854 πόλεις
616 2794 894 2859 καρτεράς.
936 2792 1094 2844 τέκνα
1137 2793 1218 2844 καὶ
1267 2803 1526 2859 γυναῖκας
1567 2793 1649 2844 καὶ
1696 2789 1861 2845 τᾶλλα
1886 2809 1928 2839 30

296 2899 318 2944 ᾗ·
357 2898 518 2935 113ss=
549 2893 681 2935 Num.
721 2894 883 2935 xxxll
923 2899 956 2936 1.
