2052 3141
839 99 1116 140 TETAPTH
1707 95 1817 148 235

129 233 229 285 ὅσα
262 231 654 300 συμπεριάγειν
689 229 985 300 μέλλουσιν
1019 231 1204 293 αὐτοῖς
1236 229 1304 283 ἂν
1336 226 1407 298 ἦν
1447 229 1680 298 ἐμπόδια
1719 239 1818 283 τοῦ

125 329 345 388 πονεῖν,
383 317 654 372 ἀπέθεντο
695 321 773 381 εἰς
812 319 992 381 αὐτάς.

236 408 418 475 <172>
464 409 749 475 οἰκοδομεῖ
792 404 852 460 δὲ
899 405 989 460 καὶ
1028 410 1278 475 Μωυσῆς
1327 408 1421 468 τὰς
1462 404 1592 458 δέκα
1631 407 1817 467 πόλεις
1847 419 1874 457 4

123 498 217 558 τὰς
248 497 326 558 εἰς
356 497 453 549 τὸν
485 494 729 563 ἀριθμὸν
760 505 871 548 τῶν
912 495 1051 548 ὀκτὼ
1092 494 1183 547 καὶ
1220 494 1615 563 τετταράκοντα
1654 513 1814 561 γενη-

78 583 387 653 5σομένας,
442 579 520 636 ὧν
573 593 718 652 τρεῖς
767 582 1012 647 ἀπέδειξε
1068 593 1182 646 τοῖς
1229 580 1310 635 ἐπ’
1366 581 1606 653 ἀκουσίῳ
1657 584 1814 653 φόνῳ

123 670 509 740 φευξομένοις,
559 669 651 723 καὶ
698 674 901 740 χρόνον
952 670 1137 734 ἔταξεν
1186 667 1327 723 εἶναι
1367 678 1460 738 τῆς
1497 677 1676 738 φυγῆς
1716 672 1813 722 τὸν

122 761 292 814 αὐτὸν
323 768 396 831 τῷ
431 759 675 829 ἀρχιερεῖ
703 756 788 829 ἐφ’
831 756 897 812 οὗ
931 760 1136 828 δράσας
1167 779 1247 821 τις
1278 760 1374 811 τὸν
1407 760 1585 826 φόνον
1626 760 1814 826 ἔφυγε,

121 847 247 916 μεθ’
309 848 374 900 ὃν
437 849 734 917 συνεχώρει
788 850 1184 916 τελευτήσαντα
1238 847 1520 914 κάθοδον,
1576 845 1815 915 ἐχόντων

122 935 377 999 ἐξουσίαν
415 945 526 988 τῶν
557 943 656 988 τοῦ
688 934 1107 1003 πεφονευμένου
1148 944 1434 1002 συγγενῶν
1473 937 1726 1001 κτείνειν,
1767 936 1817 986 εἰ

55 1040 97 1072 10
122 1024 344 1093 λάβοιεν
392 1022 492 1086 ἔξω
540 1033 650 1075 τῶν
698 1023 845 1092 ὅρων
893 1031 986 1090 τῆς
1032 1025 1242 1084 πόλεως
1281 1024 1359 1084 εἰς
1398 1022 1467 1089 ἣν
1508 1024 1676 1091 ε”φυγε
1716 1024 1814 1075 τὸν

119 1114 516 1181 πεφονευκότα·
558 1110 721 1183 ἑτέρῳ
757 1109 806 1163 δ’
847 1112 948 1164 οὐκ
988 1108 1358 1179 ἐπετέτραπτο.
1435 1110 1617 1177 <173>
1657 1109 1718 1161 αἱ
1754 1107 1814 1161 δὲ

119 1204 305 1263 πόλεις
350 1201 411 1252 αἱ
451 1202 587 1268 πρὸς
633 1201 726 1262 τὰς
776 1201 956 1267 φυγὰς
995 1197 1451 1266 ἀποδεδειγμέναι
1491 1194 1632 1266 ἦσαν
1674 1199 1812 1265 αἵδε,

119 1292 340 1358 Βόσορα
373 1285 472 1356 μὲν
506 1287 594 1340 ἐπὶ
626 1297 738 1350 τοῖς
771 1289 942 1356 ὁρίοις
982 1296 1075 1356 τῆς
1108 1285 1380 1356 Ἀραβίας,
1415 1284 1712 1355 Ἀρίμανον
1754 1284 1813 1339 δὲ

118 1385 212 1445 τῆς
251 1377 591 1443 Γαλαδηνῶν
630 1384 755 1444 γῆς,
795 1375 884 1428 καὶ
924 1378 1220 1429 Γαυλανᾶν
1261 1374 1321 1426 ἐν
1360 1382 1423 1443 τῇ
1465 1375 1811 1427 Βατανειάδι.

54 1481 94 1514 15
119 1463 474 1533 κτησαμένων
516 1461 563 1516 δ’
611 1463 794 1516 αὐτῶν
842 1462 932 1515 καὶ
972 1465 1072 1531 τὴν
1115 1464 1445 1515 Χαναναίων
1486 1470 1621 1529 γῆν,
1671 1470 1815 1530 τρεῖς

119 1553 296 1623 ἕτεραι
343 1555 528 1614 πόλεις
575 1554 806 1622 ἔμελλον
853 1551 1296 1620 ἀνατεθήσεσθαι
1343 1560 1453 1603 τῶν
1503 1551 1812 1602 Λευιτίδων

118 1645 334 1695 πόλεων
385 1650 498 1702 τοῖς
545 1640 788 1708 φυγάσιν
829 1642 905 1702 εἰς
944 1642 1327 1708 κατοικισμόν,
1374 1637 1649 1701 Μωυσέος
1700 1638 1812 1691 ε’πι-

119 1732 446 1792 στείλαντος.

230 1818 411 1886 <174>
450 1821 699 1885 Μωυσῆς
739 1819 818 1885 δέ,
857 1819 1287 1885 προσελθόντων
1327 1816 1471 1886 αὐτῷ
1515 1825 1624 1868 τῶν
1664 1817 1810 1883 πρώ-
1844 1828 1868 1866 5

52 1923 95 1955 20
119 1927 230 1960 των
269 1914 363 1974 τῆς
402 1907 819 1968 Μανασσίτιδος
858 1910 1060 1974 φυλῆς,
1107 1902 1198 1957 καὶ
1239 1905 1560 1972 δηλούντων
1600 1901 1700 1971 μὲν
1741 1904 1813 1966 ὡς

120 1997 381 2063 τεθνήκοι
420 2014 501 2056 τις
538 2003 649 2046 τῶν
696 1998 949 2063 φυλετῶν
1001 1993 1262 2061 ἐπίσημος
1301 1991 1439 2059 ἀνὴρ
1474 1989 1813 2060 Ὁλοφάντης

119 2086 322 2151 ὄνομα,
369 2084 567 2144 παῖδας
615 2079 716 2150 μὲν
763 2082 830 2134 οὐ
878 2081 1190 2134 καταλιπὼν
1229 2081 1464 2148 ἄρρενας
1502 2078 1813 2147 θυγατέρας

120 2170 337 2240 μέντοι,
390 2168 482 2222 καὶ
535 2168 871 2238 πυθομένων
925 2171 975 2221 εἰ
1020 2170 1230 2222 τούτων
1283 2167 1311 2220 ὁ
1363 2170 1562 2234 κλῆρος
1612 2169 1811 2235 ἔσοιτο,

119 2261 309 2328 φησίν,
348 2259 529 2326 (175)
562 2260 612 2310 εί
649 2255 750 2326 μὲν
790 2256 1055 2326 μέλλουσί
1089 2271 1198 2308 τισι
1239 2264 1517 2307 συνοικεῖν
1558 2264 1667 2307 τῶν
1705 2276 1810 2323 φυ-

51 2362 94 2395 25
120 2351 310 2414 λετῶν,
351 2346 483 2414 μετὰ
514 2353 612 2398 τοῦ
644 2348 852 2415 κλήρου
884 2347 1020 2415 πρὸς
1059 2344 1261 2406 αὐτοὺς
1299 2342 1535 2411 ἀπιέναι,
1576 2345 1626 2395 εἰ
1665 2341 1712 2395 δ’
1754 2343 1807 2406 ἐξ

119 2437 287 2502 ἄλλης
325 2437 589 2502 γαμοῖντό
621 2448 731 2486 τισι
763 2438 959 2502 φυλῆς,
998 2435 1095 2486 τὸν
1133 2437 1339 2502 κλῆρον
1381 2432 1440 2484 ἐν
1481 2439 1544 2500 τῆ
1584 2429 1810 2502 πατρςόᾳ

119 2528 266 2592 φυλῇ
299 2512 629 2575 καταλιπῖεῖν.
692 2520 783 2574 καὶ
814 2524 932 2574 τότε
974 2519 1158 2589 μένειν
1199 2519 1429 2573 ἑκάστου
1468 2522 1565 2572 τὸν
1604 2523 1808 2586 κλῆρον

118 2611 180 2664 ἐν
219 2619 282 2680 τῆ
322 2615 469 2680 φυλῆ
511 2609 806 2673 διετάξατο.

230 2700 412 2766 <176>
459 2708 568 2751 τῶν
617 2695 678 2750 δὲ
724 2695 1098 2767 τετταράκοντ’
1148 2696 1284 2749 ε’τῶν
1331 2697 1476 2764 παρὰ
1515 2693 1800 2763 τριάκονθ’
1835 2697 1865 2748 8

239 2819 263 2867 ξ
299 2818 381 2857 172
409 2836 464 2850 =
488 2814 674 2858 Denter.
700 2813 763 2856 Ν
787 2817 866 2866 41;
899 2812 1036 2856 Num.
1069 2811 1239 2855 XXXV
1260 2817 1326 2855 11.
1420 2816 1443 2864 ξ
1479 2816 1562 2854 174
1589 2832 1642 2848 =
1667 2810 1805 2855 Num.

119 2887 290 2931 XXVII
324 2892 362 2932 1.
485 2892 508 2940 ἓ
546 2893 628 2932 176
656 2909 710 2924 =
735 2887 920 2930 Deuter.
955 2887 974 2929 I
1010 2892 1045 2929 1.
1638 2882 1641 2884 ’
