2052 3141
795 30 1062 71 HEMHTH
1664 25 1772 78 333

88 173 197 217 τῶν
237 165 336 232 τὴν
370 165 663 234 συμφορὰν
694 170 787 231 τῆς
825 165 1082 231 κιβωτοῦ,
1123 158 1194 214 δι’
1236 162 1300 214 ὃν
1339 159 1430 213 καὶ
1469 161 1672 229 ταύτην
1714 160 1773 213 ἐν

86 260 211 322 τιμῇ
254 251 580 321 συνέβαινεν
620 249 775 305 εἶναι.
853 251 1035 319 <354>
1074 258 1255 320 παρῆν
1302 247 1346 303 τ’
1395 246 1498 303 οὖν
1537 248 1570 316 ἡ
1609 251 1772 317 κιβω-

86 343 176 403 τὸς
225 339 315 393 καὶ
371 342 428 394 οἱ
477 349 576 394 τοῦ
628 338 920 411 ἀρχιερέως
968 340 1140 407 υἱεῖς,
1187 347 1293 400 Δτοῦ
1339 340 1541 407 πατρὸς
1587 337 1774 398 αὐτοῖς

86 428 506 498 ἐπιστείλαντος,
539 432 589 482 εἰ
618 432 923 499 ληφθείσης
954 435 1047 496 τῆς
1079 431 1316 496 κιβωτοῦ
1351 430 1443 494 ζῆν
1477 426 1773 494 ἑθελήσουᾼ

42 531 203 586 ὅσιν,
258 519 335 579 εἰς
384 519 513 582 ὄψιν
569 518 715 588 αὐτῷ
773 518 845 585 μὴ
896 519 1316 587 παραγίνεσθαι.
1397 512 1661 583 Φινεέσης
1713 511 1764 566 δ’

85 606 190 673 ἤδη
225 604 314 658 καὶ
349 606 550 675 ἱερᾶτο,
589 614 687 659 τοῦ
719 607 920 675 πατρὸς
952 604 1097 676 αὐτῷ
1131 606 1649 674 παρακεχωρηκότος
1682 603 1773 654 διὰ

85 695 145 746 τὸ
200 701 384 762 γῆρας.
465 694 646 762 <355>
699 694 909 763 θάρσος
961 689 1063 746 οὖν
1120 692 1416 760 ἐπιγίνεται
1468 693 1609 744 πολὺ
1660 699 1774 753 τοῖς

78 778 353 851 Ἑβραίοις
385 782 457 844 ὡς
483 782 574 834 διὰ
606 782 706 850 τὴν
744 781 931 851 ἄφιξιν
963 788 1057 849 τῆς
1088 785 1327 850 κιβωτοῦ
1366 777 1775 849 περιεσομένοις

85 878 194 922 τῶν
225 872 524 938 πολεμίων·
564 872 993 937 κατεπλήττοντο
1029 866 1089 921 δε
1131 869 1188 922 οἱ
1222 867 1491 937 πολε’,μιοι
1533 870 1774 930 δεδιότες

22 975 62 1007 10
84 959 186 1026 τὴν
209 961 518 1063 παρουσίαν
549 966 642 1026 τῆς
666 962 904 1026 κιβωτοῦ
936 968 1048 1020 τοῖς
1075 955 1447 1027 Ἰσραηλίταις.
1509 967 1625 1019 ταῖς
1649 955 1774 1025 μέν-

84 1066 169 1100 τοι
195 1066 254 1114 γε
281 1043 551 1116 εκατέρων
583 1048 937 1117 προσδοκίαις
971 1046 1070 1115 οὐχ
1097 1046 1291 1114 ὅμοιον
1316 1045 1589 1114 ἀπηντησε
1614 1041 1774 1113 τοῦρ-

85 1155 206 1203 γον,
247 1133 428 1202 <356>
465 1133 603 1187 ἀλλα
637 1137 914 1202 συμβολῆς
947 1132 1265 1203 γενομένης,
1304 1134 1372 1201 ἣν
1405 1154 1505 1203 μεν
1544 1135 1771 1201 ἤλπιζον

86 1225 246 1291 νίκην
278 1220 544 1293 Ἑβραῖοι,
584 1231 693 1274 τῶν
733 1226 1125 1274 Παλαιστινῶν
1166 1223 1299 1291 αὕτη
1342 1226 1567 1290 γίνεται,
1608 1222 1676 1290 ἣν
1717 1219 1766 1274 δ’

87 1310 394 1381 ἐφοβοῦντο
420 1306 586 1378 ἧτταν
612 1306 783 1377 οὗτοι,
808 1311 1012 1378 ταύτην
1038 1308 1283 1380 Ἑβραῖοι
1307 1313 1582 1372 παθόντες
1607 1311 1774 1377 ἔγνω-

20 1416 61 1449 15
86 1413 188 1452 σαν
229 1399 429 1461 αὑτοὺς
468 1398 643 1467 μάτην
684 1396 771 1450 ἐπὶ
803 1405 865 1467 τῇ
898 1402 1112 1469 κιβωτῷ
1153 1401 1579 1468 τεθαρρηκότας·
1623 1398 1774 1467 ἐτρά-

85 1488 266 1556 πησάν
319 1507 375 1539 τε
427 1488 530 1557 γὰρ
579 1487 751 1549 εὐθὺς
802 1489 879 1549 εἰς
925 1496 1106 1556 χεῖρας
1158 1486 1416 1548 ἐλθόντες
1466 1496 1576 1539 τῶν
1615 1491 1775 1540 πολε-

86 1579 227 1644 μίων
266 1573 356 1627 καὶ
398 1573 673 1644 ἀπέβαλον
706 1577 784 1638 εἰς
814 1578 1188 1645 τρισμυρίους,
1229 1575 1289 1627 ἐν
1330 1568 1411 1637 οἷς
1450 1577 1646 1628 ἔπεσον
1685 1573 1775 1627 καὶ

86 1664 144 1716 οἱ
177 1672 275 1717 τοῦ
316 1661 608 1733 ἀρχιερέως
647 1664 811 1732 υἱεῖς,
850 1665 883 1731 ἤ
924 1684 979 1716 τε
1020 1665 1252 1732 κιβωτὸς
1292 1666 1451 1732 ἤγετο
1492 1665 1627 1732 πρὸς
1666 1673 1775 1716 τῶν

85 1755 379 1820 πολεμίων.

20 1859 62 1891 20
197 1841 378 1909 <357>
419 1840 856 1910 ἀπαγγελθείσης
905 1839 963 1894 δὲ
1011 1848 1104 1909 τῆς
1149 1842 1311 1909 ἥττης
1358 1843 1434 1903 εἰς
1480 1842 1580 1909 τὴν
1620 1842 1772 1894 Σιλὼ

84 1927 173 1982 καὶ
213 1935 306 1996 τῆς
345 1930 714 1998 αἰχμαλωσίας
752 1937 845 1998 τῆς
884 1933 1121 1998 κιβωτοῦ
1164 1928 1513 2000 (Βενιαμίτης
1552 1929 1655 2000 γάρ
1696 1949 1775 1991 τις

85 2017 270 2080 αὐτοῖς
325 2018 555 2085 ἄγγελος
610 2017 918 2087 ἀφικνεῖται
975 2021 1194 2080 νεανίας
1241 2018 1651 2087 παρατετευχὼς
1696 2025 1770 2088 τῷ

85 2105 360 2176 γεγονότι)
410 2103 654 2169 πένθους
701 2105 1013 2175 ἐνεπλήσθη
1063 2114 1209 2158 πᾶσα
1261 2106 1294 2173 ἡ
1346 2109 1518 2167 πόλις.
1596 2106 1775 2174 <358>

85 2192 176 2246 καὶ
210 2191 362 2246 Ἠλεὶ
395 2195 423 2248 ὁ
459 2194 739 2265 ἀρχιερεύς
781 2194 1090 2264 (ἐκαθέζετο
1131 2196 1234 2265 γὰρ
1275 2193 1401 2247 καθ’
1444 2192 1626 2263 ἑτέρας
1665 2202 1775 2246 τῶν

22 2297 63 2329 25
87 2286 276 2334 πυλῶν
304 2279 389 2350 ἐφ’
419 2283 639 2351 ὑψηλοῦ
662 2283 903 2354 θρόνου)
938 2283 1177 2345 ἀκούσας
1202 2285 1459 2352 οἰμωγῆς,
1499 2281 1590 2334 καὶ
1621 2284 1775 2350 νομί-

89 2385 186 2433 σας
231 2371 502 2439 νεώτερόν
549 2390 600 2422 τι
649 2377 962 2441 πεπρᾶχθαι
1014 2370 1138 2440 περὶ
1190 2374 1318 2433 τοὺς
1368 2372 1632 2438 οἰκείους,
1685 2369 1776 2423 καὶ

89 2458 573 2527 μεταπεμψάμενος
617 2462 714 2513 τὸν
761 2462 1014 2528 νεανίαν,
1070 2460 1144 2521 ὡς
1192 2462 1331 2527 ἔγνω
1381 2460 1444 2511 τὰ
1491 2460 1625 2511 κατὰ
1674 2460 1775 2527 τὴν

89 2547 285 2616 μάχην,
327 2543 480 2617 ῥᾴων
512 2542 581 2615 ἧν
623 2546 715 2600 ε’πί
740 2567 796 2600 τε
830 2557 943 2609 τοῖς
974 2546 1128 2600 παισὶ
1167 2545 1257 2599 καὶ
1295 2555 1409 2608 τοῖς
1449 2560 1776 2615 συνενηνεγ-

89 2633 274 2704 μένοις
313 2632 437 2704 περὶ
484 2636 544 2687 τὸ
593 2637 964 2705 στρατόπεδον
1014 2637 1085 2698 ὡς
1125 2635 1193 2687 ἀν
1232 2636 1593 2705 προεγνωκὼς
1630 2635 1775 2704 παρὰ

22 2737 65 2768 30
89 2732 187 2777 τοῦ
218 2728 359 2775 θεοῦ
392 2724 451 2775 τὸ
488 2726 909 2792 συμβησόμενον
941 2722 1031 2776 καὶ
1063 2725 1523 2793 προαπηγγελκὼς
1563 2721 1778 2794 (συγχεῖ

207 2828 229 2876 ξ
264 2826 348 2866 354
374 2843 428 2860 =
458 2828 478 2866 1
513 2823 626 2879 Reg.
660 2824 724 2867 IV
756 2828 795 2868 4.
