2052 3141
836 62 1100 100 HEMHTH
1703 56 1808 109 307

125 204 376 265 κρυπτῶς
431 196 508 256 είς
557 195 657 262 τὴν
708 195 879 261 ληνὸν
931 195 1142 245 ἔκοπτε·
1190 196 1316 254 τοὺς
1364 194 1466 261 γὰρ
1518 195 1813 260 πολεμιόυς

126 284 323 336 ε’δεδίει
363 291 612 352 φανερῶς
651 289 812 334 τοῦτο
865 291 1044 334 ποιεῖν
1093 279 1178 333 ἐπὶ
1217 289 1309 348 τῆς
1349 282 1537 343 ἅλωος.
1608 281 1812 349 φαντά-

126 386 328 441 σματος
361 368 409 423 δ’
442 370 587 441 αὐτῷ
621 370 998 438 παραστάντος
1028 372 1322 421 νεανίσκου
1363 376 1547 438 μορφῇ
1580 366 1669 420 καὶ
1709 371 1812 437 φή-

127 474 324 521 σαντος
356 459 657 526 εὐδαίμονα
689 457 778 510 καὶ
810 460 976 526 φίλον
1009 465 1081 528 τῷ
1115 462 1250 527 θεῷ,
1290 456 1582 526 ὑποτυχών
1623 457 1811 510 (τοῦτο

80 547 291 616 5γοῦν’
340 550 443 616 ἔφη
494 546 812 616 ετεκμήριον
859 553 952 614 τῆς
1000 547 1285 614 εὐμενείας
1325 546 1495 598 αὐτοῦ
1536 545 1813 613 μέγιστον,

126 644 189 705 τῇ
213 641 360 707 ληνῷ
387 655 451 704 με
476 643 582 688 νῦν
607 633 735 687 ἀνθ’
769 636 945 696 ἅλωος
969 640 1223 704 χρῆσθαι.
1241 634 1254 655 ’
1297 635 1475 701 <214>
1493 639 1727 703 θαρρεῖν
1754 631 1813 686 δὲ

126 722 675 794 παρακελευσαμένου
715 721 804 775 καὶ
844 729 1140 791 πειρᾶσθαι
1180 724 1280 790 τὴν
1322 722 1644 791 ἐλευθερίαν
1684 722 1814 775 ἀνα-

129 813 346 879 σώζειν,
392 811 677 873 ἀδυνάτως
725 814 868 880 ἔχειν
916 813 1088 878 ἔλεγε·
1137 813 1237 878 τήν
1285 831 1339 863 τε
1391 813 1493 879 γὰρ
1536 813 1720 880 φυλὴν
1761 810 1813 874 ἐξ

128 896 191 967 ἧς
240 900 447 969 ὑπῆρχε
495 902 746 967 πλήθους
799 899 1080 969 ὑστερεῖν,
1135 898 1224 952 καὶ
1272 897 1402 952 νέον
1458 899 1626 951 αὐτὸν
1674 895 1814 951 εἶναι

63 1002 106 1034 10
128 987 219 1042 καὶ
257 989 595 1056 τηλικούτων
633 988 967 1057 πραγμάτων
1009 987 1251 1050 ἐπινοίας
1291 986 1708 1056 ἀσθενέστερον.
1788 988 1814 1040 ὁ

129 1074 189 1130 δὲ
239 1079 372 1139 θεὸς
423 1076 585 1138 αὐτὸς
635 1076 1055 1145 ἀναπληρώσειν
1095 1078 1155 1129 τὸ
1209 1081 1397 1128 λεῖπον
1440 1074 1816 1143 ἐπηγγέλλετο,

127 1165 218 1218 καὶ
255 1168 418 1233 νίκην
457 1164 715 1233 παρέξειν
750 1162 1109 1234 Ἰσραηλίταις
1157 1165 1326 1217 αὐτοῦ
1368 1173 1816 1233 στρατηγοῦντος.

239 1254 419 1322 <215>
465 1252 611 1307 τοῦτ’
659 1250 760 1306 οὖν
810 1255 1173 1322 διηγούμενος
1221 1254 1248 1307 ὁ
1291 1254 1509 1305 Γεδεών
1560 1268 1667 1305 τισι
1708 1263 1817 1305 τῶν

128 1341 271 1395 νέων
324 1341 668 1410 ἐπιστεύετο,
722 1340 812 1394 καὶ
863 1350 1189 1411 παραχρῆμα
1239 1344 1376 1411 πρὸς
1426 1344 1553 1404 τοὺς
1605 1342 1820 1409 ἀγῶνας

65 1443 105 1475 15
131 1430 349 1499 ἕτοιμον
388 1426 458 1498 ἦν
499 1432 558 1483 τὸ
600 1432 987 1499 στρατιωτικὸν
1034 1434 1246 1498 μυρίων
1287 1429 1523 1498 ἀνδρῶν.
1604 1431 1821 1492 ἐπιστὰς

131 1517 192 1572 δὲ
231 1520 365 1571 κατὰ
412 1521 541 1580 τοὺς
586 1519 795 1581 ὕπνους
835 1519 863 1572 ὁ
902 1520 1034 1580 θεὸς
1080 1527 1152 1590 τῷ
1196 1520 1436 1571 Γεδεῶνι
1484 1521 1582 1586 τήν
1630 1517 1677 1571 τ’
1727 1518 1820 1571 ἀν-

130 1611 424 1678 θρωπίνην
463 1608 634 1676 φύσιν
675 1605 759 1658 ἀεὶ
791 1610 1060 1675 φίλαυτον
1100 1604 1274 1660 οὖσαν
1315 1607 1515 1675 ε’δήλου
1557 1606 1645 1659 καὶ
1686 1610 1821 1676 πρὸς

130 1699 258 1758 τοὺς
305 1695 465 1765 ἀρετῇ
515 1693 876 1764 διαφέροντας
923 1695 1408 1765 ἀπεχθανομένην,
1460 1696 1605 1758 ὅπως
1649 1716 1705 1748 τε
1748 1697 1819 1764 μὴ

131 1786 232 1853 τὴν
269 1787 431 1852 νίκην
469 1782 736 1853 παρέντες·
766 1793 863 1837 τοῦ
911 1789 1051 1836 θεοῦ
1093 1785 1278 1837 δοκεῖν
1317 1788 1612 1852 νομίζωσιν
1654 1787 1821 1852 ἰδίαν,

65 1887 109 1918 20
133 1873 205 1936 ὡς
235 1875 406 1935 πολὺς
439 1874 666 1942 στρατὸς
698 1875 850 1935 ὄντες
881 1871 970 1924 καὶ
1003 1875 1138 1942 πρὸς
1176 1875 1304 1934 τοὺς
1342 1876 1636 1941 πολεμίους
1676 1872 1822 1936 ἀξιό-

133 1980 315 2030 μαχος.
395 1961 575 2028 <216>
624 1961 715 2012 ἵνα
765 1961 1020 2028 μάθωσιν
1068 1956 1170 2013 οὖν
1217 1963 1479 2029 βοηθείας
1518 1968 1611 2028 τῆς
1651 1961 1821 2014 αὐτοῦ

134 2047 199 2100 ὂν
237 2043 502 2117 τοῦργον,
551 2048 917 2115 συνεβούλευε
964 2046 1087 2116 περὶ
1136 2057 1413 2115 μεσοῦσαν
1455 2050 1554 2116 τὴν
1593 2047 1822 2119 ἡμέραν,

135 2135 194 2188 ἐν
233 2134 376 2204 ἀκμῇ
417 2143 515 2188 τοῦ
555 2136 829 2203 καύματος
869 2137 1058 2203 ὄντος,
1099 2137 1252 2203 ἄγειν
1293 2137 1392 2203 τὴν
1434 2138 1694 2205 στρατιὰν
1735 2136 1822 2189 ἐπὶ

134 2225 231 2276 τὸν
276 2226 558 2291 ποταμόν,
604 2222 693 2275 καὶ
745 2225 873 2285 τοὺς
923 2221 1023 2292 μὲν
1076 2223 1502 2286 κατακλιθέντας
1548 2223 1638 2276 καὶ
1679 2225 1822 2277 οὕτω

69 2327 111 2360 25
134 2314 394 2373 πίνοντας
425 2311 701 2380 εὐψύχους
731 2312 1165 2380 ὑπολαμβάνειν,
1199 2313 1318 2364 ὅσοι
1353 2313 1384 2363 δ
1394 2310 1404 2329 '
1447 2311 1825 2380 ἐσπευσμένως

135 2397 226 2452 καὶ
266 2399 397 2467 μετὰ
435 2399 689 2467 θορύβου
728 2403 979 2461 πίνοντες
1018 2401 1253 2469 τύχοιεν,
1293 2401 1521 2461 τούτους
1562 2401 1629 2468 δὴ
1670 2404 1824 2468 νομί-

140 2490 248 2551 ζειν
287 2487 394 2539 ὑπὸ
435 2488 640 2549 δειλίας
677 2495 839 2540 τοῦτο
879 2488 1133 2557 πάσχειν,
1181 2491 1658 2556 καταπεπληγότας
1696 2492 1825 2551 τοὺς

137 2578 446 2644 πολεμίους.
525 2576 706 2643 <217>
746 2578 1078 2644 ποιήσαντος
1126 2573 1185 2628 δὲ
1232 2585 1331 2629 τοῦ
1372 2578 1652 2639 Γεδεῶνος
1691 2578 1825 2629 κατὰ

137 2665 232 2726 τὰς
270 2672 368 2716 τοῦ
407 2669 546 2716 θεοῦ
584 2662 889 2731 ὑποθήκας,
929 2667 1229 2733 τριακόσιοι
1270 2665 1468 2733 ἄνδρες
1505 2662 1825 2733 ηὑρέθησαν

71 2768 116 2799 30
137 2763 252 2815 ταῖς
283 2749 435 2822 χερσὶ
467 2751 598 2819 μετὰ
630 2753 810 2819 φόβου
849 2752 1347 2820 προσενεγκάμενοι
1386 2754 1445 2805 τὸ
1485 2752 1637 2821 ὕδωρ
1678 2771 1826 2804 τετα-

259 2858 282 2906 g
315 2858 400 2897 213
429 2874 481 2888 =
506 2849 649 2894 India.
682 2850 747 2894 VI
781 2857 848 2895 11.

1472 2928 1559 2970 ρο*
