2052 3141
188 45 295 96 164
799 44 1255 88 ΑΡΧΑΙΟΛΟΓΙΑΣ

185 177 465 249 ἀνέχοντα.
544 179 725 246 (131)
784 184 895 231 ἴσαι
947 175 1008 231 δὲ
1054 185 1128 250 τῷ
1177 178 1367 231 πλάτει
1414 176 1502 230 καὶ
1550 179 1709 230 ἄλλαι
1760 192 1877 230 σιν-

186 270 373 336 δόνες,
428 275 527 338 μιᾷ
571 270 794 329 πλειόυς
839 269 937 320 τὸν
976 266 1253 336 ἀριθμόν,
1301 268 1362 320 τὸ
1404 263 1464 318 δὲ
1504 274 1673 334 μῆκος
1710 265 1875 335 ὑπερ-

185 357 509 425 βάλλουσαι·
556 358 1040 424 τριακονταπήχεις
1086 356 1189 424 γὰρ
1230 350 1387 422 ἦσαν.
1463 351 1774 423 ὑφασμέναι
1815 351 1865 406 δ’

188 445 246 497 ἐκ
269 452 490 514 τριχῶν,
530 443 731 511 ὁμοίως
762 445 897 496 κατὰ
930 446 1296 513 λεπτουργίαν
1327 451 1444 505 ταῖς
1476 441 1534 495 ἐκ
1565 452 1675 495 τῶν
1709 441 1873 511 ἐρίων

185 529 574 600 πεποιημέναι,
631 530 878 585 ἐτέταντο
925 531 1082 602 μέχρι
1129 539 1221 600 τῆς
1270 539 1367 599 γῆς
1405 529 1731 599 κεχυμέναι,
1785 528 1875 582 καὶ

185 621 321 673 κατὰ
350 620 530 689 θύρας
561 619 828 689 ἀετώματι
866 623 1248 689 παραπλήσιον
1288 618 1378 671 καὶ
1416 619 1652 671 παστάδι
1690 628 1876 686 παρεῖ-

185 728 306 778 χον,
344 716 443 761 τοῦ
483 706 776 762 ἑνδεκάτου
817 709 1064 777 φάρσους
1103 710 1180 770 εἰς
1218 716 1379 761 τοῦτο
1419 704 1875 775 παρειλημμένου.

189 797 369 864 <132>
403 798 563 849 ἄλλαι
597 794 645 849 δ’
679 796 860 850 ἐπάνω
894 798 1104 850 τούτων
1138 796 1196 850 ἐκ
1230 797 1516 864 διφθερῶν
1556 809 1877 847 κατεσκευα-

190 883 382 953 σμέναι
436 885 747 954 ὑπερῇσαν,
803 883 969 954 σκέπη
1017 883 1108 938 καὶ
1165 887 1399 954 βοήθεια
1449 892 1564 945 ταῖς
1610 883 1878 952 ὑφανταῖς

189 976 248 1026 ἔν
295 993 350 1026 τε
399 983 512 1036 τοῖς
551 975 789 1042 καύμασι
835 973 925 1026 καὶ
966 974 1126 1027 ὁπότε
1174 973 1329 1035 ὑετὸς
1373 977 1456 1040 εἴη
1506 969 1876 1040 γεγενημέναι.

189 1064 362 1130 πολλὴ
420 1059 469 1114 δ’
525 1062 776 1130 ἔκπληξις
827 1062 1098 1131 ἐλάμβανε
1150 1063 1277 1123 τοὺς
1326 1063 1621 1129 πόρρωθεν
1668 1058 1878 1127 θεωμέ-

189 1167 343 1212 νους·
384 1152 484 1218 τὴν
531 1151 635 1218 γὰρ
684 1154 855 1219 χρόαν
904 1159 1016 1212 τοῖς
1055 1151 1189 1202 κατὰ
1229 1150 1326 1202 τὸν
1366 1149 1608 1215 οὐρανὸν
1650 1151 1879 1216 συμβαί-

191 1252 387 1291 νουσιν
427 1234 594 1290 οὐδὲν
636 1237 870 1291 ἐδόκουν
912 1236 1209 1306 διαφέρειν.
1288 1238 1470 1303 <133>
1510 1237 1570 1287 αι’
1599 1233 1647 1288 δ’
1689 1235 1747 1288 ἐκ
1788 1243 1880 1302 τῆς

190 1328 372 1396 τριχὸς
411 1324 500 1378 καὶ
531 1335 640 1378 τῶν
675 1328 962 1395 διφθερῶν
1000 1322 1358 1393 πεποιημέναι
1397 1332 1638 1393 κατῇσαν
1678 1325 1880 1393 ὁμοίως

190 1423 263 1486 τῷ
312 1413 434 1483 περὶ
489 1415 582 1476 τὰς
631 1416 806 1476 πύλας
851 1415 1163 1483 ὑφάσματι,
1211 1416 1271 1466 τό
1319 1433 1372 1465 τε
1422 1421 1602 1481 καῦμα
1650 1412 1738 1465 καὶ
1780 1414 1879 1480 τὴν

192 1503 297 1556 ἀπὸ
338 1513 446 1556 τῶν
488 1506 711 1571 ὄμβρων
751 1504 915 1571 ’ὕβριν
956 1502 1382 1571 ἀπομαχόμεναι.

303 1593 484 1659 <134>
523 1590 611 1643 καὶ
656 1591 683 1658 ἡ
725 1589 825 1659 μὲν
866 1593 1037 1659 σκηνὴ
1079 1599 1275 1644 τοῦτον
1315 1593 1582 1658 πήγνυται
1625 1593 1719 1643 τὸν
1760 1593 1881 1657 τρό-

193 1700 325 1748 πον,
373 1683 579 1748 γίνεται
629 1677 686 1732 δὲ
736 1678 821 1731 καὶ
873 1681 1102 1748 κιβωτὸς
1150 1687 1221 1750 τῷ
1262 1685 1376 1750 θεῷ
1419 1679 1599 1741 ξύλων
1641 1680 1881 1748 ἰσχυρῶν

192 1771 293 1838 τὴν
325 1770 496 1837 φύσιν
529 1766 617 1820 καὶ
652 1777 820 1836 σῆψιν
851 1774 1054 1821 παθεῖν
1088 1768 1154 1821 οὐ
1189 1765 1528 1835 δυναμένων.
1596 1767 1624 1834 ἢ
1652 1765 1701 1819 δ’
1742 1767 1882 1835 ε’ρὼν

194 1855 294 1926 μὲν
335 1862 574 1909 καλεῖται
616 1858 750 1909 κατὰ
790 1859 890 1925 τὴν
932 1855 1194 1925 ἡμετέραν
1236 1861 1510 1924 γλῶτταν,
1555 1855 1581 1922 ἡ
1624 1852 1682 1908 δὲ
1723 1876 1881 1908 κατα-

195 1948 361 2014 σκευὴ
388 1947 609 2013 τοιαύτη
643 1966 721 2008 τις
753 1941 836 2012 ἦν.
915 1947 1096 2011 <135>
1121 1953 1289 2013 μῆκος
1321 1941 1420 2012 μὲν
1459 1941 1522 2011 ἧν
1556 1944 1689 2011 αὐτῇ
1723 1942 1880 1997 πέντε

195 2040 510 2102 σπιθαμῶν,
550 2036 610 2086 τὸ
645 2031 697 2085 δ’
738 2029 898 2100 εὖρος
937 2032 1020 2084 καὶ
1066 2035 1125 2085 τὸ
1165 2033 1341 2101 βάθος
1382 2041 1547 2098 τριῶν
1587 2038 1881 2099 σπιθαμῶν

196 2125 273 2185 είς
325 2121 596 2191 ἑκάτερον.
676 2130 858 2192 χρυσῷ
915 2120 973 2174 δὲ
1025 2122 1088 2173 τά
1136 2118 1180 2173 τ’
1229 2120 1381 2181 ἐντὸς
1427 2119 1511 2172 καὶ
1563 2121 1625 2172 τα
1674 2122 1882 2183 ἔξωθεν

196 2213 552 2279 περιελήλατο
614 2218 793 2277 πᾶσα,
855 2211 927 2272 ὡς
989 2209 1406 2277 ἀποκεκρύφθαι
1471 2210 1569 2276 τὴν
1625 2210 1882 2276 ξύλωσιν,

1905 989 1945 1020 10

1907 1430 1946 1461 15

196 2300 489 2367 στρόφιγξί
535 2319 587 2350 τε
642 2308 865 2367 χρυσοῖς
916 2300 974 2350 τὸ
1024 2297 1256 2366 ἐπίθεμα
1303 2296 1735 2365 προσηνωμένον
1774 2293 1881 2366 εἶχε
1908 2312 1949 2342 25

194 2393 558 2455 θαυμαστῶς,
614 2387 642 2439 ὃ
691 2389 1040 2455 πανταχόθεν
1096 2392 1217 2438 ἴσον
1272 2383 1366 2454 ἦν,
1422 2383 1536 2437 κατ’
1591 2384 1882 2451 οὐδέτερον

197 2475 360 2544 μέρος
399 2473 608 2544 ἐξοχαῖς
659 2477 757 2543 τὴν
797 2475 1161 2542 εὐαρμοστίαν
1203 2476 1626 2542 λυμαινόμενον.
1702 2475 1883 2539 (136)

196 2561 324 2617 καθ’
375 2562 630 2631 ἑκάτερον
695 2561 753 2615 δὲ
810 2573 995 2631 τοῖχον
1052 2572 1160 2614 τῶν
1215 2559 1650 2630 ἐπιμηκεστέρων
1704 2564 1876 2628 κρίκοι

196 2660 479 2719 προσῆσαν
535 2661 729 2720 χρυσοῖ
785 2652 921 2712 δύο,
976 2659 1073 2703 τοῦ
1120 2653 1321 2712 παντὸς
1369 2652 1649 2717 διήκοντες
1694 2650 1882 2711 ξύλου,

198 2738 283 2791 καὶ
328 2738 398 2791 δι’
448 2740 629 2792 αὐτῶν
678 2742 845 2791 ε”νετοι
900 2740 1218 2799 σκυταλίδες
1267 2738 1545 2806 ἐπίχρυσοι
1588 2733 1715 2788 καθ’
1763 2735 1881 2787 ἑκά-

319 2845 341 2891 ἓ
374 2840 675 2882 131-112x0d,
700 2839 844 2881 XXVI
875 2845 917 2883 τ.
987 2837 1479 2890 §lm-:ExmLXXV
1501 2843 1574 2886 10;
1609 2836 1821 2879 XXXVII
1846 2845 1879 2878 1.

1907 2752 1948 2781 30
