2052 3141
892 51 1072 91 TPITH
1720 47 1824 99 189

142 185 211 238 ἂν
249 186 384 238 κατὰ
421 188 549 248 τοὺς
598 185 808 246 ὕπνους
854 183 1122 254 ἀποκρίνῃ
1163 187 1362 252 γονήν,
1400 181 1592 245 καθεὶς
1632 180 1827 235 ἑαυτὸν

142 277 220 337 εἰς
249 275 401 344 ὕδωρ
432 276 648 344 ψυχρὸν
682 274 883 342 ὁμοίως
912 282 1026 334 τοῖς
1057 273 1191 324 κατὰ
1222 274 1397 340 νόμον
1437 269 1657 339 γυναικὶ
1696 275 1829 338 πλη-

144 363 424 426 σιάζουσιν
453 361 707 426 ἐξουσίαν
733 364 855 431 ἔχει.
935 362 1114 429 <264>
1139 363 1268 422 τοὺς
1293 357 1353 412 δὲ
1379 362 1613 430 λεπροὺς
1652 361 1728 421 εἰς
1768 360 1828 411 τὸ

142 447 403 513 παντελὲς
443 449 668 519 ἐξήλασε
708 456 802 517 τῆς
825 452 1051 516 πόλεως,
1091 447 1287 517 μηδενὶ
1329 445 1831 516 συνδιαιτωμένους

100 555 120 588 5
145 539 235 592 καὶ
272 547 474 609 νεκροῦ
507 536 678 608 μηδὲν
713 536 1089 608 διαφέροντας.
1168 536 1236 589 ἂν
1277 534 1342 588 δέ
1376 556 1457 598 τις
1497 535 1833 599 ἐξικετεύσας

144 629 240 680 τὸν
271 629 410 681 θεὸν
443 626 698 696 ἀπολυθῆ
731 634 825 694 τῆς
855 629 1028 679 νόσου
1060 624 1149 678 καὶ
1182 627 1282 694 τὴν
1323 623 1641 695 ἐρρωμένην
1681 627 1833 692 κομί-

146 729 303 783 σηται
334 718 524 785 χρόαν,
557 716 585 769 ὁ
622 716 689 783 δὴ
723 722 970 776 τοιοῦτος
999 717 1272 775 ποικίλαις
1304 713 1581 782 ἀμείβεται
1611 716 1836 774 θυσίαις

147 806 244 856 τὸν
283 807 440 871 θεόν,
478 802 603 873 περὶ
644 799 721 855 ὧν
760 804 994 872 ὕστερον
1035 802 1284 872 ἐροῦμεν.

259 891 438 960 <265>
479 892 615 944 ὅθεν
661 892 764 944 κᾶν
812 890 1229 959 καταγελάσειέν
1276 911 1356 953 τις
1402 900 1512 943 τῶν
1560 892 1835 958 λεγόντων
1868 903 1895 942 4

82 996 123 1028 10
147 982 400 1048 Μωυσῆν
448 978 619 1051 λέπρᾳ
668 978 1050 1048 κεκακωμένον
1098 980 1267 1032 αὐτόν
1314 977 1358 1031 τ’
1414 976 1503 1031 ἀπ’
1551 979 1836 1046 Αἰγύπτου

147 1078 380 1137 φυγεῖν,
430 1067 521 1120 καὶ
576 1078 685 1120 τῶν
735 1067 1078 1120 ἐκπεσόντων
1127 1069 1218 1119 διὰ
1264 1068 1469 1135 ταύτην
1517 1068 1617 1135 τὴν
1658 1067 1838 1117 αἰτίαν

147 1155 497 1224 ἡγησάμενον
529 1158 606 1217 εἰς
636 1157 737 1224 τὴν
773 1158 1093 1207 Χαναναίαν
1126 1155 1352 1223 ἀγαγεῖν
1392 1155 1605 1217 αὐτούς.
1661 1154 1840 1221 <266>

149 1246 200 1296 εἰ
237 1245 340 1313 γὰρ
380 1242 526 1297 τοῦτ’
572 1240 643 1312 ἧν
684 1242 920 1312 ἀληθές,
962 1243 1062 1296 οὐκ
1102 1243 1170 1295 ἂν
1212 1242 1300 1295 ἐπὶ
1338 1251 1401 1312 τῇ
1443 1243 1614 1295 αὑτοῦ
1654 1241 1841 1313 ἀτιμία

149 1334 398 1399 Μωυσῆς
436 1340 659 1384 τοιαῦτα
701 1329 1124 1399 ἐνομοθέτησεν,
1165 1324 1247 1392 οἷς
1285 1332 1520 1399 εὔλογον
1558 1327 1629 1399 ἦν
1670 1331 1839 1382 αὐτὸν

85 1435 126 1469 15
150 1419 240 1471 καὶ
274 1417 472 1489 ἑτέρων
504 1417 913 1488 εἰσηγουμένων
946 1417 1341 1488 ἀντειρηκέναι,
1373 1418 1464 1471 καὶ
1495 1427 1663 1472 ταῦτα
1694 1420 1841 1487 παρὰ

150 1512 376 1569 πολλοῖς
415 1510 639 1560 ἔθνεσιν
688 1517 799 1560 τῶν
839 1511 1055 1576 λεπρῶν
1101 1505 1192 1558 καὶ
1231 1515 1388 1575 τιμῆς
1427 1506 1842 1574 ἀπολαυόντων,

153 1597 219 1649 οὐ
259 1599 431 1665 μόνον
470 1596 681 1666 ὕβρεως
719 1594 809 1648 καὶ
848 1602 1027 1664 φυγῆς
1066 1594 1533 1664 ἀπηλλαγμένων,
1573 1594 1712 1647 ἀλλά
1752 1594 1842 1647 καὶ

151 1685 245 1745 τάς
301 1683 694 1752 ἐπισημοτάτας
757 1686 1036 1752 στρατείας
1099 1682 1549 1752 στρατευομένων
1603 1682 1693 1736 καὶ
1748 1685 1843 1746 τὰς

152 1773 434 1834 πολιτικὰς
472 1771 641 1841 ἀρχὰς
685 1769 1097 1839 πιστευομένων
1136 1770 1226 1824 καὶ
1266 1773 1343 1834 εἰς
1385 1772 1503 1839 ἰερά
1543 1770 1632 1824 καὶ
1671 1774 1843 1835 ναοὺς

87 1877 129 1910 20
155 1859 408 1923 ἐξουσίαν
449 1860 686 1930 ἐχόντων
730 1858 971 1913 εἰσιέναι.
1050 1860 1227 1927 <267>
1262 1858 1391 1912 ὥστ’
1432 1857 1597 1913 οὐδὲν
1639 1859 1841 1912 ἐκώλυε

152 1947 244 2001 καὶ
281 1951 570 2017 Μωυσῆν,
620 1951 670 2001 εἰ
721 1949 952 2020 τοιούτῳ
1007 1946 1117 2000 τινὶ
1166 1950 1521 2016 συμπτώματι
1567 1948 1692 2018 περὶ
1743 1951 1843 2018 τὴν

154 2040 325 2107 χρόαν
358 2037 390 2106 ἢ
424 2038 587 2099 αὐτὸς
617 2037 650 2105 ἢ
682 2039 742 2090 τὸ
777 2039 881 2089 σὺν
914 2036 1059 2107 αὐτῷ
1093 2040 1307 2104 πλῆθος
1345 2037 1640 2105 ἠλάττωτο,
1679 2058 1844 2106 νομο-

153 2131 385 2194 θετῆσαι
423 2125 548 2195 περὶ
587 2126 770 2178 αὐτῶν
817 2126 882 2177 τά
921 2125 1184 2177 κάλλιστα
1222 2123 1312 2177 καὶ
1351 2127 1623 2193 μηδεμίαν
1662 2127 1846 2179 τοιαύ-

155 2233 255 2282 την
298 2214 480 2283 ὁρίσαι
521 2217 728 2282 ζημίαν.
806 2213 986 2280 <268>
1028 2212 1166 2265 ἀλλά
1207 2215 1377 2281 δῆλον
1427 2215 1499 2276 ὡς
1537 2221 1706 2266 ταῦτα
1746 2211 1845 2282 μὲν

91 2316 133 2349 25
157 2300 283 2371 περὶ
311 2301 467 2369 ἡμῶν
493 2301 750 2369 λέγουσιν
782 2302 889 2354 ὑπὸ
923 2305 1222 2370 βασκανίας
1252 2305 1642 2371 προαγόμενοι,
1673 2306 1847 2355 ΝΙωυ-

159 2397 256 2457 σῆς
296 2386 356 2441 δὲ
402 2391 611 2442 τούτων
658 2391 903 2459 καθαρὸς
950 2390 1027 2442 ὢν
1079 2389 1138 2442 ἐν
1178 2396 1446 2460 καθαροῖς
1483 2400 1597 2452 τοῖς
1636 2391 1846 2459 ὁμοφύ-

159 2482 275 2540 λοις
306 2476 430 2547 περὶ
461 2487 571 2530 τῶν
602 2480 983 2545 νενοσηκότων
1016 2476 1353 2546 ἐνομοθέτει,
1384 2479 1519 2530 κατὰ
1551 2479 1715 2547 τιμὴν
1746 2487 1846 2531 τοῦ

159 2570 299 2618 θεοῦ
339 2574 500 2618 τοῦτο
540 2575 730 2618 ποιῶν.
1057 2571 1059 2574 ’

273 2654 452 2722 <269>
507 2653 644 2706 ἀλλά
696 2652 820 2723 περὶ
878 2650 978 2722 μὲν
1031 2655 1242 2706 τούτων
1297 2653 1518 2717 ἕκαστος
1572 2655 1644 2717 ὡς
1699 2655 1843 2727 αὐτῷ
1880 2670 1904 2708 5

94 2756 138 2788 30
164 2742 317 2794 δοκεῖ
353 2744 640 2795 σκοπείτω·
679 2743 774 2804 τὰς
806 2738 865 2794 δὲ
899 2752 1180 2810 γυναῖκας,
1221 2741 1444 2795 ἐπειδὰν
1483 2742 1733 2812 τέκωσιν,
1772 2746 1850 2807 εἰς

283 2846 307 2895 ἓ
337 2847 424 2886 263
451 2864 507 2879 =
531 2842 678 2888 Levib.
711 2842 795 2886 XV
831 2847 901 2890 16.
1023 2848 1045 2895 ξ
1079 2848 1165 2886 264
1192 2865 1246 2878 c
1270 2842 1417 2888 Levib.
1453 2844 1560 2887 XIII
1596 2850 1632 2888 1.
