2052 3141
845 39 1107 110 n'EMnTH
1713 64 1817 116 287

133 209 267 257 σθαι
306 204 408 272 τὴν
445 205 768 271 πρεσβείαν,
816 203 998 270 <106>
1041 202 1150 254 Εἴνα
1189 203 1290 270 τὴν
1331 203 1510 253 αἰτίαν
1550 202 1822 268 μαθόντες

135 291 229 361 ὑφ’
283 288 347 359 ἧς
400 293 714 360 προήχθητε
768 293 865 344 τὸν
919 293 1110 359 βωμὸν
1158 290 1592 356 κατασκευάσαι,
1647 290 1718 357 μή
1771 308 1821 340 τι

132 389 416 449 προπετεῖς
468 380 716 447 δοκῶμεν
765 379 953 440 ὅπλοις
1008 381 1283 447 μετιόντες
1321 378 1461 447 ὑμᾶς
1499 377 1634 430 κατὰ
1674 381 1823 444 λογι-

133 471 272 538 σμὸν
298 468 454 521 ὅσιον
477 466 882 536 ποιησαμένους
912 470 1010 521 τὸν
1053 469 1262 536 βωμόν,
1303 468 1352 518 εί
1392 465 1439 518 δ’
1487 467 1701 534 ἄδικον,
1742 467 1822 518 δι-

88 573 107 603 5
133 561 298 619 καίως
337 556 676 625 ἀμυνώμεθα
724 564 816 624 τῆς
864 557 1125 624 διαβολῆς
1172 555 1521 624 ἐλεγχθείσης
1561 554 1822 622 ἀληθοῦς.

133 647 314 713 <107>
353 645 418 697 οὐ
450 645 554 714 γὰρ
587 644 848 712 ἠξιοῦμεν
880 644 1019 712 ἡμᾶς
1050 647 1210 714 πείρα
1242 650 1334 710 τῆς
1365 651 1464 696 τοῦ
1502 648 1642 695 θεοῦ
1683 644 1822 709 γνώ-

131 754 233 801 μης
289 733 439 794 ἐντὸς
489 731 917 801 γεγενημένους,
972 731 1063 784 καὶ
1113 735 1302 800 νόμων
1350 726 1426 782 ὧν
1479 731 1642 793 αὐτὸς
1690 730 1822 798 ἡμῖν

119 820 373 873 δέδωκεν
429 819 696 890 ἀκροατὰς
759 821 1137 890 ὑπάρχοντας,
1194 819 1613 890 διαζευχθέντας
1667 819 1822 887 ἡμῶν

130 907 220 961 καὶ
252 911 527 978 παρόντας
558 911 635 971 εἰς
665 912 762 962 τὸν
805 912 949 962 ἴδιον
983 914 1206 978 κλῆρον,
1248 909 1312 961 ὃν
1351 909 1484 960 κατὰ
1524 909 1684 978 χάριν
1724 916 1822 961 τοῦ

68 1013 109 1044 10
133 1003 273 1050 θεοῦ
327 995 418 1049 καὶ
470 1005 563 1065 τῆς
622 997 835 1050 ἐκείνου
890 997 1014 1066 περὶ
1067 998 1209 1065 ὑμᾶς
1270 1001 1534 1066 προνοίας
1590 996 1823 1065 ἐλάχετε,

130 1088 313 1154 λήθην
345 1088 534 1154 λαβεῖν
569 1085 770 1153 αὐτοῦ,
798 1085 884 1137 καὶ
927 1087 1028 1154 τὴν
1069 1086 1277 1153 σκηνὴν
1318 1084 1408 1137 καὶ
1447 1086 1546 1152 τὴν
1585 1086 1823 1152 κιβωτὸν

129 1176 526 1235 καταλιπόντας
579 1172 669 1225 καὶ
724 1176 913 1242 βωμὸν
970 1174 1028 1235 ὃς
1081 1174 1214 1241 ὑμῖν
1269 1173 1521 1243 πάτριος,
1577 1172 1824 1235 ξενικοὺς

129 1265 298 1325 θεοὺς
339 1260 645 1331 ἐπιφέρειν,
690 1272 804 1324 τοῖς
846 1265 1176 1315 Χαναναίων
1217 1270 1403 1323 κακοῖς
1442 1276 1823 1331 προσκεχωρη-

130 1354 304 1413 κότας.
384 1351 564 1418 <108>
606 1348 724 1402 ἀλλ’
766 1348 935 1403 οὐδὲν
977 1350 1188 1403 ἀδικεῖν
1230 1348 1411 1412 δόξετε
1454 1353 1823 1418 μετανοήσαν-

65 1454 105 1485 15
130 1460 216 1502 τες
270 1438 361 1492 καὶ
416 1441 488 1508 μὴ
543 1438 842 1508 περαιτέρω
893 1438 1182 1507 μανέντες,
1234 1441 1421 1506 νόμων
1471 1437 1529 1490 δὲ
1577 1441 1823 1507 πατρίων

130 1531 266 1581 αἰδῶ
300 1527 390 1580 καὶ
423 1530 642 1597 μνήμην
677 1531 950 1596 λαβόντες.
1014 1527 1082 1579 ἂν
1110 1525 1158 1579 δ’
1191 1525 1475 1594 ἐπιμένητε
1508 1536 1621 1588 τοῖς
1652 1527 1823 1596 ἡμαρ-

130 1615 400 1685 τημένοις,
441 1615 507 1668 οὐ
546 1619 998 1685 παραιτησόμεθα
1034 1618 1130 1668 τὸν
1168 1613 1307 1684 ὑπὲρ
1348 1625 1458 1667 τῶν
1498 1618 1686 1683 νόμων
1726 1619 1823 1669 πό-

130 1725 250 1773 νον,
292 1704 431 1757 ἀλλά
462 1704 900 1774 περαιωσάμενοι
926 1706 1021 1756 τὸν
1049 1701 1336 1772 Ἰορδάνην
1368 1704 1582 1765 τούτοις
1613 1706 1822 1773 βοηθή-

131 1808 299 1863 σομεν
331 1792 421 1846 καὶ
452 1795 587 1862 πρὸς
627 1793 772 1864 αὐτῷ
814 1801 886 1865 τῷ
929 1798 1064 1864 θεῷ,
1105 1790 1278 1861 μηδὲν
1320 1792 1460 1860 ὑμᾶς
1494 1795 1824 1845 Χαναναίων

63 1896 106 1929 20
131 1880 416 1951 διαφέρειν
463 1882 973 1950 ὑπολαμβάνοντες,
1025 1879 1141 1934 ἀλλ’
1190 1882 1390 1949 ὁμοίως
1441 1879 1667 1942 ἐκείνοις
1707 1882 1823 1932 δια-

128 1974 469 2041 φθείροντες.
546 1971 726 2038 <109>
766 1972 837 2038 μὴ
880 1971 983 2037 γὰρ
1023 1973 1283 2038 νομίσητε
1324 1977 1395 2040 τῷ
1440 1968 1823 2037 διαβεβηκέναι

129 2062 226 2112 τὸν
265 2061 511 2127 ποταμὸν
551 2057 642 2111 καὶ
681 2066 775 2127 τῆς
821 2067 920 2111 τοῦ
958 2064 1097 2111 θεοῦ
1139 2058 1425 2126 δυνάμεως
1465 2057 1564 2120 ἔξω
1604 2057 1823 2125 γεγονέ-

130 2165 243 2200 ναι·
284 2155 563 2217 πανταχοῦ
605 2145 654 2199 δ’
704 2147 763 2199 ἐν
804 2157 917 2209 τοῖς
955 2148 1153 2199 τούτου
1195 2145 1344 2213 ἐστέ,
1384 2144 1473 2197 καὶ
1514 2145 1822 2215 ἀποδρᾶναι

131 2237 230 2304 τὴν
272 2235 524 2299 ἐξουσίαν
565 2235 735 2288 αὐτοῦ
768 2234 856 2287 καὶ
896 2236 996 2303 τὴν
1036 2235 1141 2288 ἀπὸ
1182 2236 1378 2303 ταύτης
1419 2236 1578 2302 δίκην
1619 2233 1823 2286 ἀδύνα-

64 2337 107 2369 25
132 2343 243 2376 τον.
321 2326 371 2376 εἰ
410 2321 462 2376 δ’
510 2329 694 2376 οἴεσθε
744 2325 842 2391 τὴν
895 2323 1098 2375 ἐνθάδε
1139 2326 1447 2391 παρουσίαν
1486 2322 1618 2390 ὑμῖν
1659 2321 1822 2390 ἐμπό-

134 2413 256 2464 διον
296 2408 437 2463 εἶναι
492 2419 589 2463 τοῦ
639 2421 981 2481 σωφρονεῖν,
1029 2409 1195 2464 οὐδὲν
1242 2413 1477 2463 κωλύσει
1517 2411 1683 2463 πάλιν
1722 2412 1822 2479 τὴν

132 2507 235 2568 γῆν
274 2500 413 2568 ἡμᾶς
453 2499 840 2552 ἀναδάσασθαι
880 2498 969 2551 καὶ
1002 2501 1203 2568 ταύτην
1245 2499 1456 2551 ἀνεῖναι
1496 2502 1821 2567 μηλόβοτον.

134 2588 316 2656 <11Ο>
358 2586 474 2640 ἀλλ’
522 2584 584 2640 εὖ
631 2591 883 2656 ποιήσετε
932 2591 1388 2658 σωφρονήσαντες
1434 2586 1564 2639 κάπὶ
1602 2596 1824 2657 νεαροῖς

133 2674 493 2744 μεταθέμενοι
525 2686 637 2738 τοῖς
669 2675 1026 2744 ἁμαρτήμασι.
1103 2676 1193 2729 καὶ
1224 2681 1647 2745 παρακαλοῦμεν
1680 2677 1822 2744 ὑμᾶς

67 2778 111 2810 30
133 2767 269 2834 πρὸς
299 2765 513 2817 παίδων
544 2763 634 2816 καὶ
666 2775 945 2832 γυναικῶν
977 2767 1049 2834 μὴ
1082 2775 1381 2835 παρασχεῖν
1414 2765 1544 2833 ἡμῖν
1577 2764 1821 2832 ἀνάγκην

259 2870 282 2918 5
319 2870 402 2909 106
429 2888 484 2901 =
509 2865 594 2908 Ios.
628 2865 756 2908 ΧΧΠ
791 2872 856 2910 16.
