2052 3141
837 68 1113 109 AETTEPA
1711 67 1816 118 129

119 200 406 269 (Εβραίων.
482 201 663 268 <303>
702 204 920 270 θηρίων
960 202 1063 269 γὰρ
1103 203 1380 252 παντοίων
1421 198 1511 252 καὶ
1550 204 1820 271 πολυτρό-

127 308 282 357 πων,
339 283 416 341 ὧν
469 290 547 351 εἰς
594 291 725 352 ὄψιν
781 287 963 351 οὐδεὶς
1018 288 1313 357 ἀπηντήκει
1360 291 1662 358 πρότερον,
1716 290 1817 356 τὴν

129 379 312 447 χώραν
359 377 540 430 αὐτῶν
589 376 872 446 ἐγέμισεν,
928 374 1021 446 ὑφ’
1077 372 1154 428 ὧν
1196 376 1356 429 αὐτοί
1397 396 1452 428 τε
1493 375 1818 429 ἀπώλλυντο

129 464 219 518 καὶ
258 465 290 533 ἡ
331 472 400 533 γῆ
439 473 532 533 τῆς
572 465 878 534 ἐπιμελείας
925 472 1017 532 τῆς
1056 465 1201 534 παρὰ
1241 473 1350 516 τῶν
1391 474 1651 535 γεωργῶν
1692 463 1818 516 ἀπε-

83 570 103 600 5
131 551 370 622 στέρητο.
448 554 499 604 εἰ
538 551 601 605 δέ
636 573 688 605 τι
728 551 816 605 καὶ
859 551 1086 621 διέφυγε
1126 554 1226 620 τὴν
1265 549 1357 604 ὑπ’
1406 552 1634 615 ἐκείνοις
1674 552 1819 605 ἀπώ-

129 646 312 708 λειαν,
358 644 505 713 νόσω
546 650 708 694 τοῦτο
759 640 848 694 καὶ
888 651 997 693 τῶν
1051 641 1366 710 ἀνθρώπων
1407 641 1819 709 ὑπομενόντων,

130 729 452 782 ἐδαπανᾶτο.

240 818 420 884 <304>
460 826 558 870 τοῦ
600 815 658 869 δὲ
696 819 1012 886 Φαραώθου
1046 814 1172 886 μηδ’
1214 818 1386 879 οὕτως
1425 823 1668 879 εἴκοντος
1707 827 1820 880 τοῖς

128 913 227 957 τοῦ
279 910 419 958 θεοῦ
466 908 838 974 βουλήμασιν,
895 905 1032 957 ἀλλὰ
1078 906 1172 967 τὰς
1220 902 1320 973 μὲν
1370 915 1634 973 γυναῖκας
1690 919 1820 957 συν-

63 1010 105 1040 10
129 995 382 1062 απαίρειν
436 1003 549 1056 τοῖς
604 994 872 1062 ἀνδράσιν
921 993 1234 1060 ἀξιοῦντος,
1289 997 1710 1045 καταλείπεσθαι
1760 990 1821 1045 δὲ

128 1083 256 1143 τοὺς
287 1083 502 1150 παῖδας,
543 1082 643 1135 οὐκ
676 1083 869 1150 ἠπόρει
902 1084 961 1135 τὸ
994 1087 1154 1134 θεῖον
1194 1083 1293 1149 τὴν
1334 1085 1606 1150 πονηρίαν
1648 1081 1820 1134 αὐτοῦ

128 1173 396 1233 ποικίλοις
450 1180 637 1233 κακοῖς
692 1170 780 1223 καὶ
836 1173 1041 1239 μείζοσι
1096 1179 1206 1222 τῶν
1256 1171 1820 1238 προενδεδημηκότων

130 1261 526 1328 μετερχόμενον
559 1261 874 1326 βασανίσαι·
917 1258 1055 1310 ἀλλὰ
1087 1259 1190 1327 γὰρ
1227 1260 1421 1320 δεινῶς
1454 1258 1639 1319 αὐτοῖς
1671 1257 1821 1326 ἐξηλ-

129 1354 293 1400 κοῦτο
334 1348 397 1398 τά
439 1348 684 1415 σώματα,
732 1356 840 1398 τῶν
883 1346 1033 1408 ἐντὸς
1075 1344 1582 1415 διαφθειρομένων,
1631 1344 1720 1397 καὶ
1760 1348 1820 1399 τὸ

64 1448 104 1481 15
128 1437 269 1488 πολὺ
326 1444 435 1487 τῶν
483 1437 802 1502 Αἰγυπτίων
858 1435 1031 1496 οὕτως
1082 1434 1384 1487 ἀπώλλυτο.
1463 1435 1644 1502 <305>
1684 1433 1814 1503 μηδ’

128 1522 235 1575 ὑπὸ
275 1523 473 1590 ταύτης
514 1519 573 1574 δὲ
613 1530 706 1590 τῆς
752 1527 960 1590 πληγῆς
1008 1520 1490 1590 σωφρονιζομένου
1529 1531 1628 1575 τοῦ
1667 1526 1822 1591 βασι-

130 1608 283 1678 λέως,
322 1611 541 1679 χάλαζα,
582 1613 712 1679 μήτε
745 1613 1015 1680 πρότερον
1055 1619 1153 1662 τοῦ
1190 1609 1304 1662 κατ’
1337 1615 1622 1678 Αἴγυπτον
1664 1610 1823 1681 ἀέρος

129 1707 291 1751 τοῦτο
317 1702 662 1761 πεπονθότος
694 1697 829 1768 μήθ’
870 1700 1032 1767 ὁμοία
1064 1707 1126 1767 τῇ
1159 1696 1286 1769 παρ’
1334 1700 1520 1761 ἄλλοις
1561 1700 1676 1770 ὥρα
1715 1719 1821 1768 χει-

130 1796 311 1854 μῶνος
359 1788 650 1857 κατιούσῃ,
702 1790 898 1856 μείζων
948 1784 1007 1839 δὲ
1060 1795 1153 1854 τῆς
1191 1789 1336 1856 παρὰ
1375 1797 1488 1849 τοϊς
1526 1788 1590 1839 τὰ
1631 1790 1822 1857 βόρεια

64 1889 106 1920 20
130 1872 221 1926 καὶ
259 1875 359 1942 τὴν
401 1875 601 1943 ἄρκτον
640 1874 989 1944 νεμομένοις,
1038 1878 1196 1943 ἔαρος
1237 1874 1567 1943 ἀκμάζοντος
1606 1895 1822 1928 κατενε-

129 1968 326 2032 χθεῖσα
365 1966 494 2025 τοὺς
524 1966 766 2033 καρποὺς
799 1965 979 2016 αὐτῶν
1012 1962 1354 2016 κατέκλασεν.
1433 1964 1614 2031 <306>
1640 1965 1822 2016 ἔπειτα

127 2055 309 2120 φῦλον
363 2051 605 2121 ἀκρίδων
660 2051 967 2121 ἐπινέμεται
1023 2054 1122 2120 τὴν
1177 2052 1283 2104 ὑπὸ
1331 2059 1424 2119 τῆς
1468 2052 1700 2121 χαλάζης
1748 2054 1819 2121 μὴ

128 2143 562 2209 καταβλαβεῖσαν
598 2141 829 2209 σποράν,
872 2142 1006 2193 ὥστε
1039 2142 1175 2209 πρὸς
1207 2136 1456 2208 τάκριβὲς
1493 2140 1669 2202 πάσας
1708 2151 1822 2203 τοῖς

130 2228 453 2294 Αἰγυπτίοις
470 2230 562 2290 τὰς
580 2228 683 2282 ἀπὸ
702 2237 794 2297 τῆς
817 2238 916 2297 γῆς
939 2239 1048 2281 τῶν
1069 2237 1294 2297 καρπῶν
1313 2227 1535 2289 ἐλπίδας
1561 2227 1820 2282 διολέσαι.

61 2328 104 2361 25
239 2315 421 2384 <307>
466 2318 620 2385 ἤρκει
668 2314 768 2385 μὲν
817 2313 918 2370 οὗν
964 2319 1061 2370 τὸν
1112 2319 1237 2386 δίχα
1276 2319 1542 2386 πονηρίας
1581 2316 1819 2386 ἀνόητον

129 2401 219 2455 καὶ
273 2404 338 2455 τὰ
386 2403 753 2473 προειρημένα
800 2414 909 2457 τῶν
955 2415 1137 2458 κακῶν
1186 2407 1263 2467 εἰς
1311 2406 1536 2457 σύνεσιν
1584 2405 1674 2458 καὶ
1721 2415 1819 2460 τοῦ

130 2490 508 2560 συμφέροντος
540 2494 639 2561 τὴν
674 2493 922 2546 ἐπίνοιαν
957 2494 1260 2562 ὠφελῆσαι·
1306 2495 1619 2563 Φαραώθης
1653 2492 1703 2546 δ’
1751 2495 1818 2547 οὐ

128 2588 396 2632 τοσοῦτον
427 2578 519 2632 ὑπ’
553 2579 873 2649 ἀφροσύνης
906 2581 1039 2633 ὅσον
1071 2581 1177 2633 ὑπὸ
1211 2583 1418 2646 κακίας,
1459 2579 1817 2650 (αἰσθανόμε-

129 2686 225 2729 νος
264 2668 368 2737 γὰρ
408 2676 501 2736 τῆς
541 2670 746 2736 αἰτίας,
796 2669 942 2737 ὅμως
980 2668 1382 2737 ἀντεφιλονίκει
1421 2676 1495 2739 τῷ
1537 2668 1676 2740 θεῷ)
1719 2679 1818 2723 τοῦ

64 2767 107 2798 30
130 2757 439 2825 κρείττονος
494 2754 633 2809 ἑκὼν
687 2759 960 2826 προδότης
1015 2756 1245 2824 ἐγένετο.
1323 2754 1412 2808 καὶ
1459 2758 1667 2809 κελεύει
1717 2755 1818 2826 μὲν

249 2860 273 2908 ἓ
306 2861 390 2899 303
418 2878 472 2891 =
496 2856 640 2900 Exod.
673 2857 734 2899 IX
770 2862 807 2899 6.

217 2937 427 2970 ΙοεΕΡΗῡε.
466 2939 496 2971 1.
1488 2935 1492 2938 ’
1528 2936 1552 2973 9
