2052 3141
807 51 1082 116 TETAPTH
1675 71 1780 122 221

210 209 391 276 <100>
422 211 669 276 Μωυσῆς
708 205 808 276 μὲν
841 204 943 260 οὐν
987 210 1422 277 στρατοπεδεύει,
1461 207 1785 275 καταγαγὼν
1812 209 1843 259 6

100 298 200 364 τὴν
241 297 479 365 δύναμιν
521 295 607 349 ἐπὶ
645 298 743 349 τὸν
777 293 1093 365 Ἰορδάνην,
1143 298 1277 349 κατὰ
1317 299 1376 350 τὸ
1418 295 1554 365 μέγα
1593 297 1786 348 πεδιόν

92 383 452 454 Ἱεριχοῦντος
503 384 746 453 ἀντικρύ.
823 387 981 446 πόλις
1028 382 1076 436 δ’
1125 383 1273 458 ἐστὶν
1313 385 1591 453 εὐδαίμων
1631 384 1787 452 αὕτη,

100 474 354 543 φοίνικάς
414 493 471 526 τε
534 472 725 542 φέρειν
780 473 964 542 ἀγαθὴ
1019 473 1110 525 καὶ
1164 475 1448 542 βάλσαμον
1499 470 1787 541 νεμομένη.

55 564 335 632 ὖῆρχοντο
386 559 446 614 δὲ
493 571 725 632 φρονεῖν
773 559 856 630 ἐφ’
905 560 1119 623 ἑαυτοῖς
1166 560 1302 630 μέγα
1354 562 1410 614 οἱ
1441 559 1788 629 Ἰσραηλῖται,

100 649 190 702 καὶ
235 651 337 718 τὴν
390 653 525 720 πρὸς
578 653 705 712 τοὺς
750 648 1023 718 πολέμους
1071 649 1371 717 ἐπιθυμίαν
1421 648 1787 718 ὑπερέτεινον.

100 739 282 806 <101>
321 738 412 791 καὶ
450 742 698 807 Μωυσῆς
749 738 953 806 ὀλίγων
993 738 1212 807 ἡμερῶν
1250 740 1430 800 θύσας
1469 739 1789 807 χαριστήρια

101 836 320 895 πρῶτον
352 834 425 898 τῷ
459 833 596 898 θεῷ,
636 826 726 879 καὶ
750 829 848 880 τὸν
880 829 1016 880 λαὸν
1048 827 1349 896 εὐωχήσας,
1389 825 1551 895 μέρος
1590 847 1639 878 τι
1680 835 1790 877 τῶν

103 915 341 967 ὁπλιτῶν
398 913 658 983 ἐξέπεμψε
717 916 935 984 δῃῶσον
989 917 1090 983 τὴν
1137 917 1502 967 [Μαδιανιτῶν
1550 922 1654 982 γῆν
1702 912 1791 965 καὶ

35 1016 76 1046 10
102 1004 195 1065 τὰς
247 1004 513 1071 πατρίδας
563 1002 746 1054 αὐτῶν
799 1001 1243 1070 ἐκπολιορκῆσον.
1328 1010 1426 1054 τοῦ
1475 999 1523 1053 δ’
1573 1001 1792 1054 ἐκπολε-

102 1097 358 1160 μωθῆναι
396 1093 532 1160 πρὸς
571 1091 771 1152 αὐτοὺς
810 1092 989 1143 αἰτίαν
1029 1093 1187 1159 ἔλαβε
1229 1091 1502 1158 τοιαύτην.

212 1180 392 1247 <102>
432 1179 681 1241 Βάλακος
720 1179 748 1231 ὁ
789 1188 898 1231 τῶν
937 1181 1254 1247 Μωαβιτῶν
1294 1179 1568 1247 βασιλεύς,
1608 1181 1794 1247 φιλίας

103 1267 249 1338 αὐτῷ
292 1264 545 1338 πατρῴας
577 1267 745 1335 οὔσης
784 1265 874 1318 καὶ
915 1270 1222 1335 συμμαχίας
1260 1269 1397 1336 πρὸς
1426 1268 1793 1334 Μαδιανίτας,

106 1353 220 1407 ἐπεὶ
270 1357 397 1417 τοὺς
438 1352 774 1423 Ἰσραηλίτας
824 1363 1053 1408 τοσοῦτο
1107 1354 1423 1423 φυομένους
1474 1354 1649 1424 ἑώρα,
1704 1354 1795 1407 καὶ

38 1455 79 1487 15
104 1442 229 1512 περὶ
268 1453 378 1496 τῶν
411 1443 581 1497 αὑτοῦ
613 1444 946 1512 πραγμάτων
987 1447 1111 1495 λίαν
1151 1443 1388 1512 εὐλαβὴς
1426 1440 1495 1511 ἧν
1537 1442 1650 1513 (καὶ
1692 1445 1793 1513 γὰρ

106 1529 225 1585 οὐδ’
285 1531 552 1585 ἐπέπυστο
615 1541 718 1600 γῆν
781 1534 954 1600 ἄλλην
1010 1532 1076 1584 οὐ
1130 1536 1614 1600 πολυπραγμονεῖν
1669 1535 1796 1594 τοὺς

97 1618 412 1690 Ἑβραίους,
458 1620 897 1690 ἀπηγορευκότος
936 1628 1034 1673 τοῦ
1073 1627 1244 1687 θεοῦ,
1284 1619 1656 1689 κτησαμένους
1695 1622 1795 1689 τὴν

108 1707 481 1778 Χαναναίων),
512 1708 602 1761 καὶ
626 1715 833 1763 θᾶττον
859 1709 890 1776 ἢ
917 1710 1334 1778 φρονιμώτερον
1361 1709 1627 1779 ἐγχειρεῖν
1654 1711 1794 1777 ἔγνω

105 1806 218 1859 τοῖς
258 1797 421 1860 ὅλοις.
498 1798 680 1865 <103>
719 1796 808 1850 καὶ
855 1802 1113 1865 πολεμεῖν
1162 1794 1263 1864 μὲν
1315 1796 1401 1849 ἐπὶ
1441 1807 1557 1859 ταῖς
1597 1797 1796 1865 εὐπρα-

38 1901 81 1932 20
106 1888 249 1952 γιάις
293 1884 659 1955 θρασυτέροις
705 1884 1089 1954 γεγενημένοις
1135 1885 1241 1937 ὑπὸ
1290 1893 1383 1952 τῆς
1430 1889 1798 1955 κακοπραγίας

105 1973 530 2042 κατειλημμένος
561 1975 661 2027 οὐκ
694 1976 892 2043 ἔκρινε,
932 1978 1175 2026 κωλῦσαι
1217 1972 1295 2040 δέ,
1335 1975 1386 2025 εί
1425 1974 1671 2041 δύναιτο,
1712 1994 1796 2041 γε-

105 2061 305 2115 νέσθαι
360 2064 662 2131 μεγάλους,
719 2066 1068 2131 λογιζόμενος
1124 2060 1213 2114 καὶ
1276 2065 1609 2130 πρεσβεῦσαι
1662 2065 1798 2131 πρὸς

106 2153 456 2214 Μαδιανίτας
486 2149 624 2220 ὑπὲρ
658 2152 857 2204 αὐτῶν.
934 2152 1114 2218 <104>
1149 2153 1205 2203 οἳ
1235 2149 1299 2201 δέ
1328 2146 1420 2219 (ἧν
1453 2150 1556 2219 γάρ
1589 2169 1669 2212 τις
1702 2148 1788 2202 ἀπ’

107 2240 406 2308 Εὐφράτου
438 2241 712 2308 Βάλαμος,
753 2241 943 2308 μάντις
975 2241 1194 2307 ἄριστος
1226 2248 1335 2290 τῶν
1375 2240 1493 2290 τότε
1534 2236 1623 2289 καὶ
1662 2240 1798 2306 πρὸς

41 2341 83 2373 25
108 2327 308 2389 αὐτοὺς
348 2327 662 2396 ἐπιτηδείως
702 2328 864 2397 ἔχων)
904 2327 1179 2396 πέμπουσι
1219 2328 1351 2395 μετὰ
1391 2336 1500 2378 τῶν
1539 2327 1796 2379 Βαλάκου

107 2413 392 2483 πρέσβεων
440 2416 645 2483 ἄνδρας
694 2425 803 2468 τῶν
843 2413 969 2485 παρ’
1018 2416 1202 2477 αὐτοῖς
1242 2414 1575 2483 ἀξιολόγων,
1625 2433 1796 2484 παρα-

107 2502 437 2565 καλέσοντας
476 2506 572 2557 πὸν
612 2504 807 2571 μάντιν
849 2503 1061 2571 ἐλθεῖν,
1110 2504 1255 2565 ὅπως
1295 2500 1376 2555 ἐπ’
1425 2503 1647 2574 ἐξωλείᾳ
1687 2513 1797 2556 τῶν

103 2589 457 2662 Ἰσραηλιτῶν
512 2591 646 2660 ἀρὰς
698 2594 1002 2660 ποιήσηται.
1081 2592 1262 2659 <1Οό>
1316 2589 1798 2667 παραγενομένους

112 2676 171 2731 δὲ
212 2683 340 2743 τοὺς
378 2678 630 2749 πρέσβεις
677 2678 887 2749 δέχεται
935 2679 1086 2750 ξενία
1124 2682 1507 2749 φιλοφρόνως,
1558 2678 1646 2732 καὶ
1689 2682 1797 2732 δει-

43 2783 86 2814 30
111 2771 305 2831 πνίσας
367 2766 617 2837 ἀνέκρινε
678 2770 780 2837 τὴν
840 2777 938 2822 τοῦ
992 2774 1130 2821 θεοῦ
1188 2768 1466 2836 διάνοιαν,
1520 2772 1600 2831 τίς
1651 2768 1799 2822 ἐστιν

230 2874 254 2922 ξ
290 2874 371 2913 100
399 2891 452 2905 =
476 2869 613 2912 Num.
646 2869 775 2912 XXII
810 2875 845 2913 1.

1826 1192 1850 1230 [ὗ
