2052 3141
896 80 1077 120 TPITH
1730 77 1833 129 187

151 214 306 281 άγειν
344 214 581 280 νόμιμον
613 214 788 279 μόνον
819 213 897 274 εἰς
929 213 1156 265 δεῖπνον
1197 221 1309 274 τοῖς
1351 212 1554 280 ἱερεῦσι
1588 211 1836 275 σκευάζε-

149 321 266 368 ται,
326 299 416 352 καὶ
469 303 785 352 καταλιπεῖν
832 298 1000 353 οὐδέν
1056 299 1204 352 ἐστιν
1230 331 1232 334 >
1261 299 1313 363 ἐξ
1370 300 1553 352 αὐτῶν
1607 301 1683 362 εἰς
1736 301 1837 368 τὴν

148 389 411 442 ἐπιοῦσαν
444 386 947 458 συγκεχωρημένον.
1000 387 1631 457 ὁλοκαυτωθησομένους
1656 385 1715 440 δὲ
1741 391 1837 456 μό-

148 492 314 547 σχους
343 478 550 530 θύουσι
581 487 727 546 τρεῖς
757 475 847 529 καὶ
878 479 1067 544 κριοὺς
1100 478 1200 529 δύο
1227 476 1316 529 καὶ
1349 478 1518 546 ἄρνας
1555 491 1836 545 τετταρεσ-

102 567 401 632 5καίδεκα,
456 564 681 635 ἐρίφους
735 562 795 617 δὲ
844 567 946 618 δύο
985 562 1122 635 ὑπὲρ
1164 564 1576 635 ἁμαρτημάτων.
1655 566 1837 632 (254)

149 655 263 706 ἔστι
304 652 352 706 δ’
401 654 630 722 οὐδεμία
668 663 778 706 τῶν
828 652 1033 723 ἑορτῶν
1079 651 1206 706 καθ’
1253 654 1322 722 ἣν
1363 654 1464 723 οὐχ
1505 654 1837 706 ὁλοκαυτοῦ-

149 756 266 809 σιν,
313 739 445 794 οὐδὲ
492 751 601 794 τῶν
648 745 836 795 πόνων
887 752 997 795 τῶν
1038 741 1125 795 ἐπὶ
1164 753 1278 804 τοῖς
1318 745 1499 812 ἔργοις
1538 743 1728 794 ἄνεσιν
1770 742 1836 794 οὐ

149 831 436 897 διδόασιν,
483 829 603 882 ἀλλ’
653 830 713 882 ἐν
759 831 958 893 πάσαις
1006 834 1242 899 νόμιμον
1291 834 1352 884 τό
1399 850 1454 883 τε
1506 838 1600 898 τῆς
1636 833 1839 892 θυσίας

147 914 294 981 εἶδος
330 917 421 971 καὶ
467 920 527 971 τὸ
577 926 669 986 τῆς
708 918 899 987 ἀργίας
937 919 1347 989 ἀταλαίπωρον,
1399 918 1489 971 καὶ
1528 921 1663 988 πρὸς
1704 919 1838 971 εὐω-

81 1025 122 1057 10
145 1010 287 1076 χίαις
325 1005 430 1060 εἰσὶ
468 1009 773 1069 τεθυκότες.
853 1008 1033 1075 (255)
1067 1007 1126 1060 ἐκ
1157 1006 1342 1076 μέντοι
1382 1017 1480 1060 τοῦ
1521 1015 1714 1059 κοινοῦ
1756 1016 1835 1058 σῑ-
1871 1023 1893 1061 7

145 1115 238 1157 τος
291 1095 454 1157 ὀπτὸς
510 1096 675 1164 ζύμης
729 1097 976 1165 ἄμοιρος·
1043 1095 1360 1165 ἀσσάρωνες
1415 1094 1464 1148 δ’
1521 1101 1695 1148 εἴκοσι
1751 1093 1841 1147 καὶ

145 1183 392 1253 τέτταρες
430 1185 506 1246 εἰς
545 1193 706 1237 τοῦτο
748 1183 1097 1237 ἀναλοῦνται.
1177 1185 1450 1237 ὀπτῶνται
1491 1181 1539 1236 δ’
1591 1183 1696 1235 ἀνὰ
1737 1184 1839 1235 δύο

148 1269 520 1341 διαιρεθέντες
550 1269 650 1340 μὲν
676 1280 738 1341 τῇ
764 1275 869 1343 πρὸ
902 1281 1001 1326 τοῦ
1035 1273 1333 1341 σαββάτου,
1373 1281 1446 1344 τῷ
1484 1269 1543 1324 δὲ
1584 1271 1839 1343 σαββάτῳ

145 1359 264 1431 πρῲ
298 1358 655 1428 κομισθέντες
687 1359 774 1412 ἐπὶ
807 1368 899 1428 τῆς
934 1361 1080 1428 ἱερᾶς
1111 1360 1371 1430 τραπέζης
1403 1364 1670 1426 τίθενται,
1702 1365 1814 1412 καθ

81 1466 122 1498 15
146 1449 199 1511 ἓξ
248 1450 326 1510 εἰς
372 1448 643 1517 ἀλλήλους
689 1447 1061 1518 τετραμμένοι.
1140 1450 1318 1516 (256)
1363 1450 1463 1502 δύο
1518 1446 1578 1501 δὲ
1616 1458 1838 1518 χρυσῶν

144 1535 552 1607 ὑπερκειμένων
584 1538 830 1590 πινάκων
863 1541 1172 1606 λιβανωτοῦ
1206 1541 1506 1606 γεμόντων,
1548 1535 1839 1605 διαμένου-

147 1640 236 1678 σιν
277 1625 376 1687 ἕως
414 1634 512 1678 τοῦ
547 1624 733 1695 ἐτέρου
769 1627 1067 1694 σαββάτου·
1110 1625 1198 1678 καὶ
1238 1629 1358 1679 τότε
1400 1623 1499 1694 μὲν
1541 1624 1654 1677 ἀντ’
1707 1625 1839 1677 ἐκεί-

144 1735 260 1768 νων
300 1715 457 1766 ἄλλοι
496 1717 826 1783 κομίζονται,
866 1717 923 1767 οἳ
959 1711 1020 1766 δὲ
1052 1725 1165 1776 τοῖς
1206 1715 1411 1783 ἱερεῦσι
1450 1716 1585 1783 πρὸς
1623 1714 1837 1782 τροφὴν

147 1804 417 1870 δίδονται,
456 1801 546 1855 καὶ
585 1811 684 1855 τοῦ
723 1806 1033 1871 λιβανωτοῦ
1065 1801 1425 1872 θυμιωμένου
1467 1800 1552 1854 ἐπὶ
1591 1810 1664 1873 τῷ
1708 1802 1836 1872 ίερῳ

80 1908 123 1940 20
147 1893 310 1960 πυρί,
350 1887 434 1959 ἐφ’
475 1885 516 1961 ᾧ
557 1889 647 1942 καὶ
688 1891 1050 1944 ὁλοκαυτοῦσι
1089 1892 1155 1943 τὰ
1196 1891 1396 1942 πάντα·
1438 1892 1741 1958 λιβανωτὸς
1782 1887 1836 1942 δ’

145 1976 285 2049 ὑπὲρ
348 1977 562 2031 ἐκείνου
625 1979 790 2041 ἄλλος
850 1976 985 2049 ὑπὲρ
1048 1989 1159 2031 τῶν
1222 1980 1405 2048 ἄρτων
1466 1981 1838 2047 προστίθεται.

148 2068 329 2135 (257)
374 2068 505 2119 θύει
555 2064 603 2119 δ’
652 2068 680 2120 ὁ
730 2068 905 2136 ἱερεὺς
959 2066 1019 2119 ἐκ
1073 2078 1182 2119 τῶν
1239 2068 1398 2118 ἰδίων
1448 2065 1841 2136 ἀναλωμάτων,

148 2154 239 2208 καὶ
286 2153 370 2218 δὶς
417 2153 643 2224 ἑκάστης
696 2154 898 2225 ἡμέρας
944 2165 1106 2209 τοῦτο
1154 2165 1332 2223 ποιεῖ,
1387 2156 1623 2223 ἄλευρον
1676 2155 1838 2228 ἐλαίῳ

149 2241 495 2312 μεμαγμένον
527 2242 618 2295 καὶ
656 2246 896 2312 πεπηγὸς
935 2244 1157 2312 ὀπτήσει
1196 2247 1444 2314 βραχείᾳ·
1494 2242 1584 2295 καὶ
1623 2236 1701 2305 εἷς
1740 2242 1841 2311 μέν

83 2347 125 2380 25
152 2331 301 2384 ἐστιν
341 2330 598 2401 ἀσσάρων
635 2340 736 2384 τοῦ
775 2331 1040 2401 ἀλεύρου,
1087 2333 1286 2385 τούτου
1328 2329 1388 2384 δὲ
1427 2334 1488 2385 τὸ
1530 2328 1630 2400 μὲν
1669 2332 1838 2400 ἥμισυ

150 2419 269 2491 πρῲ
318 2421 379 2472 τὸ
421 2417 468 2471 δ’
518 2418 704 2488 ἕτερον
757 2421 939 2488 δείλης
978 2419 1222 2490 ἐπιφέρει
1260 2428 1334 2491 τῷ
1376 2422 1524 2487 πυρί.
1601 2422 1697 2473 τὸν
1738 2417 1839 2488 μὲν

150 2504 253 2562 οὗν
298 2505 423 2577 περὶ
469 2508 679 2560 τούτων
727 2511 895 2575 λόγον
943 2508 1330 2579 ἀκριβέστερον
1379 2504 1544 2570 αὖθις
1595 2509 1839 2576 δηλώσο-

149 2612 275 2665 μεν·
325 2596 485 2648 ἱκανὰ
541 2593 606 2647 δέ
655 2616 748 2664 μοι
804 2597 959 2649 δοκεῖ
1004 2596 1094 2649 καὶ
1144 2606 1250 2650 νῦν
1304 2595 1428 2666 περὶ
1476 2596 1658 2648 αὐτῶν
1705 2614 1838 2666 προ-

148 2690 420 2754 ειρῆσθαι.

82 2787 126 2820 30
261 2773 438 2840 (258)
487 2775 736 2840 Μωυσῆς
790 2770 850 2824 δὲ
904 2775 1004 2842 τὴν
1055 2776 1282 2826 Λευῖτιν
1333 2774 1517 2842 φυλὴν
1563 2781 1656 2842 τῆς
1702 2775 1838 2843 πρὸς
1858 2774 1923 2825 11

269 2878 293 2925 ἓ
326 2877 410 2916 255
438 2894 493 2909 =
517 2872 664 2916 Levit.
697 2872 850 2916 XXIV
882 2877 920 2916 5.
