2052 3141
225 43 330 94 160
826 45 1279 86 APXAIOAOPIAZ

218 176 680 246 ἐπιμηκεστέρων,
727 175 857 229 δέκα
905 174 964 229 δὲ
1011 187 1121 230 τῶν
1169 176 1229 230 ἐν
1276 178 1465 230 πλάτει
1503 177 1770 247 κειμένων
1808 186 1905 246 τῆς

217 269 460 319 κατόπιν.
537 268 715 334 κρίκοι
771 262 830 318 δὲ
885 275 996 318 τῶν
1047 266 1305 333 καμάκων
1361 264 1556 336 ἑκάστῃ
1602 274 1902 336 προσῆσαν.

217 356 549 422 κιονόκρανα
589 350 689 422 μὲν
729 353 969 422 ἀργυρᾶ,
1008 354 1194 422 βάσεις
1234 351 1295 406 δὲ
1333 364 1550 423 χρυσαῖ,
1591 363 1904 423 σαυρωτῆρ-

220 457 307 494 σιν
349 441 620 511 ἐμφερεῖς·
662 447 862 511 χαλκαῖ
905 438 966 494 δὲ
1016 439 1157 510 ἦσαν
1197 440 1284 494 ἐπὶ
1323 450 1417 509 τῆς
1455 450 1554 511 γῆς
1593 442 1904 512 ἐρηρεισμέ-

216 549 323 581 ναι.
402 530 583 598 <110>
640 530 891 599 ἐξήπτετο
949 527 1009 582 δὲ
1070 540 1180 582 τῶν
1242 533 1445 599 κρίκων
1506 533 1750 584 καλώδια
1802 532 1903 599 τὴν

218 616 391 686 ἀρχὴν
430 618 581 685 ἥλων
613 623 829 687 χαλκῶν
861 621 1147 687 πηχυαίων
1186 621 1246 672 τὸ
1288 617 1522 687 μέγεθος
1560 617 1905 688 ἐκδεδεμένα,

218 708 275 758 οἳ
308 704 436 757 καθ’
478 703 710 774 ἑκάστην
742 706 958 774 κάμακα
989 705 1249 775 παρέντες
1279 708 1414 759 κατὰ
1446 707 1760 776 τούδάφους
1792 706 1906 759 ἀκί-

216 813 384 861 νητον
415 793 522 847 ὑπὸ
563 797 685 862 βίας
717 794 936 863 ἀνέμων
977 796 1078 863 τὴν
1119 797 1329 864 σκηνὴν
1370 798 1598 863 ἔμελλον
1637 794 1904 864 παρέξειν.

219 882 426 933 σινδὼν
483 881 529 934 δ’
580 882 638 935 ἐκ
688 884 901 951 βύσσου
950 884 1306 952 μαλακωτάτη
1357 885 1447 936 διὰ
1493 893 1683 936 πασῶν
1734 881 1906 953 ἐπῄει,

218 969 322 1023 ἀπὸ
355 979 453 1023 τοῦ
485 972 852 1041 κιονοκράνου
885 980 1147 1025 κατιοῦσα
1180 971 1334 1040 μέχρι
1368 980 1460 1039 τῆς
1491 972 1700 1040 βάσεως
1730 973 1903 1039 πολλὴ

217 1057 520 1127 κεχυμένη,
574 1060 1018 1129 περιφράττουσα
1066 1061 1210 1112 ἅπαν
1260 1059 1319 1112 ἐν
1366 1061 1548 1131 κύκλῳ
1595 1062 1655 1112 τὸ
1702 1063 1906 1128 χωρίον

218 1148 289 1208 ὡς
328 1144 500 1215 μηδὲν
542 1148 725 1200 δοκεῖν
773 1151 985 1217 τείχους
1033 1148 1331 1217 διαφέρειν.
1411 1150 1591 1216 <111>
1632 1146 1723 1200 καὶ
1763 1147 1905 1200 οὕτω

217 1232 316 1302 μὲν
371 1231 520 1303 εἶχον
578 1236 637 1286 αἱ
688 1246 832 1302 τρεῖς
882 1235 1114 1304 πλευραὶ
1171 1246 1270 1290 τοῦ
1323 1239 1643 1304 περιβόλου·
1700 1243 1792 1302 τῆς
1846 1232 1905 1287 δὲ

217 1323 471 1391 τετάρτης
502 1327 739 1391 πλευρᾶς
772 1324 1134 1393 (πεντήκοντα
1160 1326 1262 1394 γὰρ
1289 1321 1428 1377 οὖσα
1452 1327 1668 1394 πήχεων
1693 1324 1725 1391 ἡ
1753 1322 1906 1391 ἑτέρα

218 1409 467 1478 μέτωπον
508 1420 606 1464 τοῦ
638 1413 840 1474 παντὸς
880 1409 972 1480 ἦν)
1015 1418 1186 1465 εἴκοσι
1227 1410 1328 1481 μὲν
1369 1416 1555 1482 πήχεις
1594 1411 1906 1483 ἀνεῴγεσαν

217 1500 350 1551 κατὰ
389 1500 593 1567 πύλας,
634 1499 693 1552 ἐν
734 1493 818 1562 αἷς
857 1499 963 1552 ἀνὰ
1005 1503 1106 1553 δύο
1147 1502 1380 1569 κάμακες
1418 1503 1734 1569 εἱστήκεσαν
1773 1502 1906 1552 κατὰ

219 1590 446 1655 μίμησιν
497 1589 802 1655 πυλώνων,
859 1589 1010 1651 ὅλαις
1064 1588 1110 1641 δ’
1160 1590 1348 1652 αὐταῖς
1397 1592 1636 1657 ἄργυρος
1685 1586 1754 1656 Γἧν
1795 1588 1906 1641 ἐπι-

219 1674 646 1744 κεχαλκευμένος
691 1676 856 1743 πάρεξ,
908 1687 1016 1729 τῶν
1057 1679 1295 1745 βάσεων·
1353 1681 1531 1745 <112>
1571 1682 1768 1746 χαλκαῖ
1804 1678 1905 1744 γὰρ

219 1760 374 1830 ἦσαν.
439 1762 779 1831 ἑκατέρωθεν
814 1762 873 1816 δὲ
906 1774 1004 1818 τοῦ
1037 1771 1289 1828 πυλῶνος
1322 1777 1464 1833 τρεῖς
1494 1767 1728 1834 κάμακες
1770 1762 1907 1833 ἦσαν

220 1850 468 1918 ἑστῶσαι,
509 1855 568 1904 αἳ
596 1861 708 1914 τοῖς
743 1855 1040 1922 πυλούχοις
1074 1853 1466 1922 ἐνεβεβήκεσαν
1507 1853 1905 1923 ἐρηρεισμέναι·

219 1939 308 1991 καὶ
355 1937 468 1992 κατ’
517 1939 699 1992 αὐτῶν
749 1937 807 1991 δὲ
856 1942 1125 2008 βύσσινον
1180 1943 1316 2010 ὕφος
1358 1944 1614 2004 σινδόνος
1654 1939 1721 2008 ἧν
1759 1961 1906 2009 περι-

219 2027 474 2096 ηγμένον.
554 2030 732 2094 (113)
779 2031 839 2081 τὸ
889 2026 947 2080 δὲ
996 2031 1127 2081 κατὰ
1174 2031 1268 2092 τὰς
1313 2032 1515 2092 πύλας,
1563 2033 1768 2097 μήκους
1807 2027 1906 2097 μὲν

222 2119 379 2178 ὄντος
416 2119 633 2184 πήχεων
673 2121 870 2183 εἴκοσι,
918 2116 1074 2169 πέντε
1118 2115 1175 2169 δὲ
1217 2119 1448 2186 βάθους,
1488 2118 1627 2184 ὕφος
1671 2114 1735 2184 ἦν
1775 2136 1906 2184 πορ-

220 2206 398 2272 φύρας
444 2202 532 2255 καὶ
580 2207 830 2271 φοίνικος
877 2207 981 2256 σὺν
1028 2205 1278 2277 ὑακίνθῳ
1328 2205 1414 2257 καὶ
1458 2207 1644 2276 βύσσῳ
1684 2224 1906 2273 πεποιη-

221 2291 407 2360 μένον,
432 2296 652 2344 πολλῶν
677 2292 822 2362 αὐτςό
845 2294 1282 2345 συνανθούντων
1309 2292 1393 2345 καὶ
1423 2296 1707 2359 ποικίλων,
1733 2294 1907 2346 ὁπόσα

221 2383 292 2448 μὴ
351 2379 502 2451 ζῴων
558 2380 881 2443 ἐξετυποῦτο
938 2382 1166 2449 μορφάς.
1247 2385 1425 2448 <114>
1483 2381 1636 2443 ἐντὸς
1690 2379 1749 2433 δὲ
1800 2391 1908 2434 τῶν

221 2473 409 2520 πυλῶν
449 2472 907 2536 περιρραντήριον
959 2466 1023 2536 ἦν
1071 2475 1345 2538 χαλκοῦν,
1394 2471 1590 2537 ὁμοίαν
1631 2470 1776 2540 αὐτῷ
1819 2467 1902 2520 καὶ

221 2558 320 2623 τὴν
361 2559 596 2624 κρηπῖδα
636 2560 1029 2625 παρεχόμενον,
1070 2557 1123 2620 ἐξ
1166 2554 1232 2610 οὗ
1274 2568 1385 2619 τοῖς
1426 2559 1628 2625 ἱερεῦσι
1669 2559 1762 2619 τὰς
1800 2565 1906 2625 χεῖ-

223 2665 319 2711 ρας
359 2644 695 2697 ἀποπλύνειν
736 2643 822 2697 καὶ
865 2655 972 2696 τῶν
1012 2648 1200 2698 ποδῶν
1241 2656 1494 2715 καταχεῖν
1531 2653 1727 2712 παρῆν.

334 2735 513 2798 <115>
549 2731 637 2784 καὶ
671 2733 698 2785 ὁ
733 2730 833 2801 μὲν
867 2743 963 2786 τοῦ
996 2736 1220 2802 αἰθρίου
1253 2739 1543 2802 περίβολος
1575 2741 1769 2785 τοῦτον
1809 2735 1905 2785 τὸν
1930 2748 1946 2777 2³

342 2838 363 2884 ἓ
403 2839 481 2875 109
512 2834 731 2876 =1·:x0‹1.
767 2833 932 2875 XXVII
972 2839 1044 2883 18;
1082 2834 1293 2877 xxxvn
1331 2842 1372 2885 1;
1408 2835 1483 2877 XL
1521 2840 1587 2877 16.

1931 987 1972 1018 10

1933 1428 1972 1458 15

1931 1868 1973 1898 20

1932 2307 1973 2338 25
