1975 3111
148 127 180 178 6
752 108 1207 166 ΑΡΧΑΙοΛοΓΙΑΣ

146 262 496 327 παλαιότητι,
542 258 754 325 πολλὴν
802 259 942 327 ἔχων
989 258 1180 309 ἄδειαν
1219 257 1443 319 ψευδῶν
1482 255 1829 323 πλασμάτων.

146 346 339 416 γέγονε
373 348 476 415 γὰρ
508 349 614 412 πρὸ
649 345 785 398 ἐτῶν
819 347 1122 414 δισχιλίων,
1164 341 1248 414 ἐφ’
1288 345 1420 397 ὅσον
1452 349 1665 412 πλῆθος
1704 345 1831 396 αἰῶ-

146 457 242 498 νος
294 432 413 488 οὐδ’
476 434 658 486 αὐτῶν
715 434 771 486 οὗ
817 431 1035 501 ποιηταὶ
1083 434 1176 495 τας
1227 431 1464 500 γενέσεις
1514 441 1622 484 τῶν
1662 438 1831 500 θεῶν,

147 527 274 592 μήτι
325 543 384 591 γε
436 524 530 584 τὰς
581 531 690 574 τῶν
741 521 1056 589 ἀνθρώπων
1107 520 1326 589 πράξεις
1374 521 1406 588 ἢ
1454 523 1583 582 τοὺς
1630 523 1833 588 νόμους

148 612 463 679 ἀνενεγκεῖν
505 610 825 678 ἐτόλμησαν.
1856 621 1876 653 5

258 701 400 767 (17)
441 700 506 751 τὰ
553 695 653 766 μὲν
702 693 803 750 οὖν
845 697 1038 765 ἀκριβῆ
1081 707 1188 748 τῶν
1230 695 1289 748 έν
1340 706 1455 758 ταῖς
1494 695 1834 764 ἀναγραφαῖς

147 789 357 855 προϊὼν
391 787 419 840 ὁ
453 789 616 853 λόγος
646 787 779 838 κατὰ
815 787 915 853 τὴν
949 787 1155 837 οἰκείαν
1195 784 1346 848 τάξιν
1380 793 1631 853 σημανεῖ·
1672 792 1832 837 τοῦτο

149 877 251 944 γὰρ
279 877 370 928 διὰ
395 877 593 942 ταύτης
615 876 867 941 ποιήσειν
896 881 988 940 τῆς
1013 877 1379 941 πραγματείας
1413 873 1834 941 ἐπηγγειλάμην,

62 963 121 1018 (4)
151 961 317 1017 οὐὸὲν
357 966 646 1032 προσθείς,
696 960 815 1014 οὐὸ’
863 957 932 1014 αὖ
972 963 1316 1028 παραλιπών·
1364 962 1506 1028 <18>
1547 960 1732 1028 ἐπειδὴ
1775 958 1833 1013 δὲ

148 1054 213 1104 τὰ
252 1052 428 1104 πάντα
477 1052 674 1120 σχεδὸν
724 1050 782 1102 ἐκ
829 1059 923 1118 τῆς
969 1059 1068 1103 τοῦ
1121 1048 1428 1118 νομοθέτου
1470 1052 1665 1118 σοφίας
1707 1049 1834 1117 ἡμῖν
1862 1062 1902 1093 10

149 1140 445 1209 ἀνήρτηται
484 1137 783 1206 Μωυσέος,
832 1138 1039 1206 ἀνάγκη
1083 1159 1169 1206 μοι
1215 1137 1418 1207 βραχεά
1456 1136 1579 1205 περὶ
1621 1137 1834 1190 ἐκείνου

148 1238 460 1297 προειπεῖν,
501 1228 644 1289 ὅπως
684 1230 755 1295 μή
798 1246 941 1288 τινες
980 1236 1088 1278 τῶν
1129 1225 1605 1294 ἀναγνωσομένων
1648 1227 1835 1278 διαπο-

150 1326 286 1384 ρῶσι
334 1319 511 1369 πόθεν
563 1316 694 1383 ἡμῖν
735 1316 763 1367 ὁ
806 1318 996 1382 λόγος.
1047 1314 1168 1380 περὶ
1218 1317 1406 1382 νόμων
1458 1313 1542 1366 καὶ
1587 1314 1835 1380 πράξεων

150 1408 290 1474 ἔχων
323 1407 421 1472 τὴν
455 1404 802 1472 ἀναγραφήν,
844 1403 925 1455 ἐπὶ
964 1412 1228 1456 τοσοῦτον
1268 1406 1626 1471 φυσιολογίας
1664 1422 1836 1455 κεκοι-

150 1495 412 1561 νώνηκεν.
492 1494 635 1561 <19>
680 1491 859 1545 ι’στεόν
900 1488 1001 1545 οὖν
1043 1492 1119 1544 ὅτι
1165 1492 1385 1543 πάντων
1427 1491 1632 1552 ἐκεῖνος
1672 1490 1836 1557 ἀναγ-
1864 1503 1903 1534 15

151 1585 440 1635 καιότατον
500 1581 736 1648 ἡγήσατο
793 1589 864 1651 τῷ
915 1579 997 1632 καὶ
1045 1583 1138 1633 τὸν
1181 1578 1378 1632 ἑαυτοῦ
1419 1578 1669 1647 μέλλοντι
1712 1582 1836 1647 βίον

152 1672 539 1738 οἰκονομήσειν
587 1674 763 1731 καλῶς
810 1667 896 1720 καὶ
951 1678 1062 1729 τοῖς
1103 1670 1289 1730 ἄλλοις
1331 1673 1654 1735 νομοθετεῖν
1694 1677 1837 1735 πρῶ-

151 1780 247 1812 τον
287 1765 426 1811 θεοῦ
459 1760 630 1826 φύσιν
673 1765 1024 1824 κατανοῆσαι,
1065 1755 1153 1808 καὶ
1196 1766 1302 1808 τῶν
1338 1759 1514 1823 ἔργων
1555 1766 1663 1808 τῶν
1705 1755 1837 1808 ε’κεί-

150 1868 254 1900 νου
309 1848 515 1913 θεατὴν
572 1853 643 1916 τῷ
702 1854 778 1916 νῷ
838 1848 1137 1913 γενόμενον
1190 1845 1332 1897 οὕτω
1384 1845 1726 1912 παράδειγμα
1779 1846 1836 1897 τὸ

151 1936 373 1988 πάντων
430 1937 656 2001 ἄριστον
713 1939 1028 2002 μιμεῖσθαι,
1084 1930 1203 1984 καθ’
1266 1933 1398 1984 ὅσοι·
1447 1925 1567 1985 οἷόν
1620 1952 1698 1985 τε.
1751 1931 1906 1984 >caleo

151 2029 450 2091 πειρᾶσθαι
497 2027 950 2075 κατακολουθεῖν·
1002 2023 1143 2088 <2οζ>
1187 2022 1464 2088 οὕτε-γαρ
1517 2020 1661 2091 αὐτῷ
1714 2019 1831 2074 ποτ’

153 2112 223 2165 ἂν
264 2110 521 2179 γενέσθαι
572 2120 707 2164 νοῦν
756 2111 972 2178 ἀγαθὸν
1020 2118 1092 2180 τῷ
1146 2108 1417 2179 νομοθέτῃ
1466 2111 1661 2176 ταύτης
1707 2108 1838 2161 ἀπο-

155 2198 461 2272 λειπομένῳ
497 2209 587 2267 τῆς
618 2198 771 2261 θέας,
812 2201 935 2251 οὔτε
978 2209 1086 2251 τῶν
1129 2196 1562 2266 γραφησομένων
1603 2199 1679 2259 εἰς
1717 2196 1839 2263 αρε-

154 2297 248 2356 τῆς
300 2292 467 2355 λόγον
521 2286 684 2340 οὐὸὲν
736 2287 1109 2355 ἀποβήσεσθαί
1164 2296 1273 2348 τοῖς
1321 2290 1617 2354 λαβοῦσιν.
1668 2287 1718 2336 ει’
1766 2287 1837 2352 μὴ

154 2379 258 2443 πρὸ
312 2379 514 2438 παντὸς
564 2377 735 2428 ἄλλον
789 2379 1106 2444 ὸιόαχθεῖεν
1159 2375 1235 2426 ὅτι
1293 2375 1511 2426 πάντων
1562 2376 1737 2440 πατήρ
1785 2392 1837 2425 τε
1865 2386 1905 2417 2⁵

154 2463 243 2516 καὶ
309 2467 573 2532 δεσπότης
621 2465 648 2517 ὁ
699 2467 828 2526 θεὸς
884 2464 960 2515 ὢν
1017 2462 1099 2515 καὶ
1151 2463 1326 2514 πάντα
1376 2460 1681 2529 ἐπιβλέπων
1730 2470 1842 2522 τοῖς

155 2550 255 2619 μὲν
291 2550 576 2620 ἑπομένοις
608 2553 754 2622 αὐτῷ
790 2554 1019 2604 ὁίὸωσιν
1052 2551 1352 2618 εὐδαίμονα
1391 2553 1535 2617 βίον.
1576 2552 1700 2609 τοὺς
1739 2551 1838 2611 ἔξω

157 2637 215 2691 ὸὲ
266 2644 556 2707 βαίνοντας
605 2640 797 2707 αρετῆς
848 2640 1106 2707 μεγάλαις
1153 2639 1462 2705 περιβάλλει
1519 2645 1838 2704 συμφοραῖς.

158 2729 301 2794 <21>
342 2737 501 2781 τοῦτο
544 2730 611 2795 ὀὴ
653 2730 939 2781 παιδεῦσαι
986 2730 1229 2792 ,Μωυσῆς
1276 2722 1572 2793 βουληθεὶς
1620 2726 1678 2775 τὸ
1719 2726 1839 2775 παί-

157 2817 330 2883 δευμα
382 2819 508 2877 τοὺς
561 2815 758 2869 ἑαυτοῦ
806 2819 1053 2877 πολίτας.
1107 2823 1196 2880 τῆς
1245 2823 1351 2865 τῶν
1403 2816 1586 2880 νόμων
1632 2809 1840 2872 θέσεως
1863 2824 1906 2856 80

155 2903 256 2956 οὐκ
295 2903 400 2956 ἀπὸ
443 2907 793 2971 συμβολαίων
842 2902 925 2955 καὶ
973 2913 1079 2954 τῶν
1131 2903 1264 2967 πρὸς
1303 2900 1573 2967 ἀλλήλους
1613 2901 1840 2951 δικαίων
