2052 3141
593 571 920 632 ΒΙΒΑΟΣ
967 571 1393 633 ΤΕΤΑΡΤΗ.

262 718 367 784 <1>
385 715 675 786 Ἑβραίους
709 713 758 768 δ’
793 716 820 768 ὁ
846 716 980 767 κατὰ
1005 717 1104 783 τὴν
1132 714 1361 785 ἐρημίαν
1386 719 1523 784 βίος,
1547 715 1719 784 ἀηδὴς
1744 715 1837 767 αὐ-
1867 707 1895 757 1

146 815 260 866 τοῖς
298 803 388 856 καὶ
434 806 666 873 χαλεπὸς
707 805 810 871 ὥν,
860 803 1029 856 ἐποίει
1082 802 1171 855 καὶ
1211 805 1521 866 κωλύοντος
1560 813 1658 857 τοῦ
1696 810 1836 857 θεοῦ

145 902 255 945 τῶν
288 895 618 944 Χαναναίων
649 901 843 961 πεῖραν
876 893 1192 959 λαμβάνειν.
1257 892 1323 944 οὐ
1355 894 1458 960 γὰρ
1492 892 1684 960 ἠξίουν
1723 903 1838 955 τοῖς

146 979 418 1042 Μωυσέος
449 985 880 1050 πειθαρχοῦντες
912 982 1097 1046 λόγοις
1127 980 1370 1049 ἠρεμεῖν,
1411 980 1549 1032 ἀλλὰ
1581 980 1670 1033 καὶ
1713 983 1837 1051 δίχα

46 1096 47 1101 ’
102 1089 122 1121 5
146 1077 241 1137 τῆς
270 1065 396 1139 παρ’
429 1068 642 1122 ἐκείνου
675 1071 992 1138 προθυμίας
1023 1070 1315 1138 κρατήσειν
1348 1067 1504 1121 αὐτοὶ
1537 1079 1646 1121 τῶν
1677 1074 1837 1122 πολε-

147 1161 288 1226 μίων
333 1159 645 1226 νομίζοντες
691 1159 1035 1226 κατηγόρουν
1077 1154 1176 1224 μὲν
1217 1157 1415 1225 αὐτοῦ,
1462 1156 1551 1210 καὶ
1591 1176 1838 1228 πραγμα-

147 1247 406 1298 τεύεσθαι
440 1244 624 1314 μένειν
660 1245 860 1307 αὐτοὺς
893 1244 1135 1314 ἀπόρους
1172 1245 1470 1314 ὑπενόουν,
1510 1243 1581 1298 ἵν’
1622 1245 1706 1299 ἀεὶ
1745 1254 1840 1315 τῆς

148 1334 201 1398 ἐξ
250 1334 420 1387 αὐτοῦ
467 1337 731 1403 βοηθείας
779 1332 1036 1401 δέωνται,
1084 1338 1343 1402 πολεμεῖν
1394 1331 1453 1386 δὲ
1504 1345 1618 1397 τοῖς
1658 1338 1839 1387 Χανα-

147 1426 326 1485 ναίοις
365 1424 716 1492 ὡρμήκεσαν,
757 1422 862 1490 <2>
903 1421 1154 1489 λέγοντες
1188 1424 1284 1475 τὸν
1324 1424 1462 1475 θεὸν
1504 1421 1626 1492 οὐχὶ
1665 1426 1838 1476 Μωυ-

83 1532 124 1561 10
150 1522 237 1564 σεῖ
293 1514 651 1581 χαριζόμενον
708 1510 1019 1579 ἐπικουρεῖν
1075 1511 1289 1577 αὐτοῖς,
1344 1510 1481 1563 ἄλλα
1535 1510 1625 1563 καὶ
1680 1521 1838 1582 κοινῇ

148 1601 458 1668 κηδόμενον
499 1599 680 1651 αὐτῶν
719 1608 818 1651 τοῦ
859 1601 1061 1661 ἔθνους
1095 1600 1185 1651 διὰ
1226 1602 1353 1661 τοὺς
1390 1602 1720 1669 προγόνους,
1762 1596 1840 1653 ὧν

151 1689 535 1758 ἐπετρόπευσε,
581 1687 672 1740 καὶ
725 1689 815 1740 διὰ
862 1689 961 1756 τὴν
1002 1688 1186 1740 αὐτῶν
1235 1687 1434 1757 ἀρετὴν
1473 1692 1744 1758 πρότερόν
1783 1709 1838 1742 τε

149 1787 449 1846 παρασχεῖν
482 1778 583 1845 τὴν
616 1776 940 1845 ἐλευθεριάν
980 1775 1069 1828 καὶ
1102 1785 1208 1829 νῦν
1247 1775 1609 1844 βουλομένοις
1647 1787 1840 1830 πονεῖν

152 1864 234 1918 ἀεὶ
273 1864 611 1935 παρέσεσθαι
652 1867 954 1934 σύμμαχον.
1018 1865 1123 1932 <3>
1164 1861 1306 1917 εἶναι
1348 1862 1408 1917 δὲ
1447 1864 1538 1917 καὶ
1577 1863 1705 1917 καθ’
1745 1866 1840 1918 αὑ-

85 1971 126 2002 15
152 1957 279 2016 τοὺς
321 1953 498 2007 ἱκανοὶ
530 1963 750 2023 κρατεῖν
782 1964 892 2006 τῶν
932 1953 1118 2006 ἐθνῶν
1160 1956 1422 2023 ἔφασκον,
1462 1953 1564 2006 κᾶν
1605 1954 1841 2008 ἀπαλλο-

150 2051 342 2113 τριοῦν
397 2043 578 2095 αὐτῶν
632 2045 881 2110 ,Μωυσῆς
936 2042 1172 2112 ἐθελήσῃ
1227 2045 1324 2095 τὸν
1371 2046 1535 2111 θεόν,
1592 2044 1732 2105 ὅλως
1785 2063 1841 2096 τε

154 2130 455 2201 συμφέρειν
496 2132 682 2194 αὐτοῖς
719 2133 779 2184 τὸ
814 2131 1245 2200 αὐτοκράτορσιν
1285 2128 1445 2199 εἶναι,
1485 2130 1574 2183 καὶ
1615 2134 1686 2200 μὴ
1727 2136 1843 2201 χαί-

154 2239 350 2289 ροντας
397 2218 482 2272 ἐπὶ
530 2228 603 2291 τῷ
653 2228 746 2288 τῆς
792 2218 918 2289 παρ’
965 2222 1287 2287 Αἰγυπτίων
1336 2220 1581 2284 ἐξελθεῖν
1632 2221 1844 2290 ὕβρεως

152 2310 406 2375 Μωυσῆν
453 2309 730 2377 τύραννον
772 2307 1092 2377 ἀνέχεσθαι,
1138 2308 1226 2360 καὶ
1271 2312 1364 2377 ζῆν
1404 2311 1541 2377 πρὸς
1580 2310 1679 2377 τὴν
1719 2311 1844 2362 τού-

88 2413 130 2444 20
154 2416 252 2455 vm)
292 2397 579 2464 βούλησιν,
631 2397 737 2464 <4>
780 2395 1227 2464 ἐξαπατωμένους
1268 2398 1350 2449 ὅτι
1391 2400 1541 2467 μόνω
1582 2400 1641 2450 τὸ
1681 2403 1843 2450 θεῖον

155 2484 299 2556 αὐτῷ
341 2487 613 2553 προδηλοῖ
640 2483 763 2553 περὶ
795 2493 904 2536 τῶν
944 2484 1221 2554 ἡμετέρων
1260 2486 1394 2537 κατὰ
1434 2487 1533 2553 τὴν
1572 2487 1708 2555 πρὸς
1748 2486 1844 2538 αὐ-

154 2575 251 2626 τὸν
292 2574 536 2641 εὔνοιαν,
579 2574 650 2635 ὡς
683 2573 781 2642 οὐχ
816 2572 1073 2625 ἁπάντων
1116 2573 1174 2625 ἐκ
1213 2581 1307 2641 τῆς
1341 2568 1615 2642 Ἀβράμου
1655 2582 1847 2641 γενεᾶς

157 2663 354 2728 ὄντων,
393 2657 511 2712 ἀλλ’
552 2665 728 2713 αἴτιον
761 2660 857 2713 ἕνα
896 2669 1093 2713 τοῦτον
1126 2670 1225 2714 τοῦ
1264 2666 1403 2713 θεοῦ
1442 2664 1846 2730 παρεσχηκότος

157 2751 234 2812 εἰς
283 2751 343 2802 τὸ
389 2744 546 2801 πάντ’
592 2749 759 2801 αὐτὸν
815 2748 1019 2801 εἰδέναι
1070 2750 1135 2801 τὰ
1187 2748 1454 2817 μέλλοντα
1501 2747 1628 2820 παρ’
1675 2750 1845 2803 αὐτοῦ

277 2855 300 2903 ἓ
336 2855 356 2892 1
386 2872 442 2885 ==
465 2849 603 2893 Num.
635 2849 742 2893 XIV
773 2855 842 2893 40.
