1975 3111
888 113 1098 154 ΠΡῼΤΗ
1802 109 1836 161 5

149 251 318 304 αὐτὸν
360 248 606 313 διάταξιν
652 257 747 317 τῆς
792 250 1065 308 πολιτείας
1112 247 1189 308 εἰς
1237 247 1336 314 τὴν
1369 243 1604 298 Ἑλλάδα
1644 248 1838 315 φωνὴν

149 341 501 408 μεταβαλεῖν,
548 337 692 405 <11>
735 337 763 390 ὁ
814 333 875 388 δὲ
913 345 1024 388 τῶν
1062 331 1188 404 παρ’
1235 335 1367 403 ἡμῖν
1408 333 1705 404 ἀρχιερέων
1747 334 1839 387 οὐ-

150 428 309 490 δενὸς
341 425 502 495 ἀρετῇ
537 427 791 495 δεύτερος
818 422 1134 494 Ἐλεάζαρος
1165 426 1238 495 τῷ
1273 421 1650 495 προειρημένῳ
1685 426 1838 491 βασι-

149 519 235 568 λεῖ
284 516 482 583 ταύτης
535 513 842 567 ἀπολαῦσαι
906 521 1000 581 τῆς
1062 514 1323 582 ὠφελείας
1378 512 1478 564 οὐκ
1542 512 1841 580 ἐφθόνησε,

104 619 124 652 5
148 604 365 666 πάντως
405 602 676 656 ἀντειπὼν
715 602 784 655 ἂν
824 604 875 654 εί
912 603 983 670 μὴ
1016 601 1247 671 πάτριον
1286 598 1355 669 ἧν
1395 601 1527 669 ’ἡμῖν
1566 603 1626 653 τὸ
1668 597 1841 668 μηδὲν

150 694 294 762 ἔχειν
333 701 442 744 τῶν
482 696 664 744 καλῶν
704 690 1032 760 ἀπόρρητον.
1112 690 1257 758 <12>
1298 689 1555 760 κάμαυτῷ
1600 690 1667 757 δὴ
1715 686 1843 758 πρέ-

147 799 273 833 πειν
314 780 542 849 ἐνόμισα
581 789 680 833 τοῦ
720 777 820 847 μὲν
862 777 1153 848 ἀρχιερέως
1193 781 1537 847 μιμήσασθαι
1576 780 1638 830 τὸ
1679 797 1842 846 μεγα-

148 871 414 938 λόψυχον,
453 875 526 940 τῷ
561 871 779 936 βασιλεῖ
808 864 868 919 δὲ
900 869 1139 928 πολλοὺς
1171 867 1371 934 ὁμοίως
1410 867 1712 934 ὑπολαβεῖν
1752 865 1842 918 καὶ

148 966 255 1010 νῦν
305 953 446 1009 εἶναι
493 960 840 1026 φιλομαθεῖς·
894 952 1025 1007 οὐδὲ
1073 956 1176 1023 γὰρ
1226 962 1407 1007 πᾶσαν
1449 954 1656 1017 ἐκεῖνος
1695 957 1841 1023 ἔφθη

83 1062 125 1093 10
149 1047 340 1113 λαβεῖν
379 1045 478 1112 τὴν
520 1043 868 1113 ἀναγραφήν,
908 1040 1026 1095 ἀλλ’
1075 1043 1212 1095 αὐτὰ
1244 1046 1385 1111 μόνα
1424 1045 1488 1095 τὰ
1527 1052 1625 1096 τοῦ
1666 1046 1843 1112 νόμου

148 1132 463 1203 παρέδοσαν
520 1133 577 1186 οἱ
618 1131 964 1201 πεμφθέντες
1015 1130 1102 1184 ἐπὶ
1153 1133 1253 1199 τὴν
1306 1131 1562 1200 ἐξήγησιν
1614 1134 1692 1194 εἰς
1742 1134 1844 1201 τὴν

144 1219 575 1292 Ἀλεξάνδρειαν.
654 1222 798 1289 <13>
832 1223 1000 1290 μυριά
1042 1217 1090 1272 δ’
1140 1219 1254 1272 ἐστὶ
1293 1221 1356 1272 τὰ
1399 1222 1713 1289 δηλούμενα
1753 1222 1845 1273 διὰ

149 1320 260 1364 τῶν
313 1311 475 1379 ἱερῶν
524 1310 890 1380 γραμμάτων,
939 1311 1029 1361 ἅτε
1083 1310 1149 1377 δὴ
1201 1313 1658 1379 πεντακισχιλίων
1707 1309 1844 1362 ἐτῶν

153 1399 392 1468 ἱστορίας
431 1397 491 1450 ἐν
525 1398 710 1460 αὐτοῖς
747 1395 1285 1467 ἐμπεριειλημμένης,
1327 1396 1417 1449 καὶ
1449 1408 1703 1451 παντοῖαι
1744 1396 1845 1466 μέν

85 1504 126 1535 15
151 1489 257 1540 εἰσι
297 1487 603 1555 παράλογοι
642 1485 1001 1556 περιπέτειαι,
1052 1485 1250 1539 πολλαὶ
1292 1483 1352 1538 δὲ
1392 1487 1550 1556 τύχαι
1588 1485 1845 1555 πολέμων

151 1574 241 1628 καὶ
275 1585 593 1645 στρατηγῶν
626 1574 998 1643 ἀνδραγαθίαι
1039 1573 1129 1626 καὶ
1161 1575 1575 1643 πολιτευμάτων
1616 1579 1846 1644 μεταβο-

152 1668 257 1718 λαί.
336 1665 480 1732 <14>
528 1666 589 1717 τὸ
639 1664 878 1716 σύνολον
927 1660 987 1715 δὲ
1035 1663 1267 1731 μάλιστά
1314 1683 1393 1725 τις
1442 1663 1510 1716 ἂν
1552 1663 1610 1716 ἐκ
1649 1665 1847 1733 ταύτης

152 1754 324 1822 μάθοι
363 1760 457 1821 τῆς
499 1753 756 1823 ἱστορίας,
797 1751 1065 1820 ἐθελήσας
1097 1751 1270 1820 αὐτὴν
1304 1753 1570 1821 διελθεῖν,
1611 1753 1693 1805 ὅτι
1733 1764 1847 1816 τοῖς

152 1839 253 1911 μὲν
291 1847 431 1895 θεοῦ
470 1843 660 1911 γνώμῃ
707 1845 1188 1893 κατακολουθοῦσι
1227 1839 1317 1892 καὶ
1357 1842 1421 1892 τὰ
1460 1845 1639 1903 καλῶς
1677 1862 1846 1910 νομο-

85 1946 128 1977 20
151 1929 460 2000 θετηθέντα
493 1932 566 1999 μὴ
598 1934 839 1998 τολμῶσι
871 1932 1235 1999 παραβαίνειν
1267 1929 1444 1982 πάντα
1477 1936 1846 1999 κατορθοῦται

151 2018 288 2089 πέρα
336 2023 569 2081 πίστεως
618 2017 709 2070 καὶ
767 2016 928 2088 γέρας
982 2017 1307 2086 εὐδαιμονία
1359 2021 1642 2087 πρόκειται
1697 2021 1845 2090 παρὰ

149 2114 310 2176 θεοῦ,
350 2105 476 2160 καθ’
526 2107 659 2160 ὅσον
694 2104 743 2159 δ’
783 2106 851 2159 ἂν
884 2105 1161 2159 ἀποστῶσι
1200 2114 1293 2174 τῆς
1332 2108 1544 2159 τούτων
1584 2107 1847 2178 ἀκριβοῦς

154 2196 475 2265 ἐπιμελείας,
516 2197 695 2266 ἄπορα
735 2191 835 2264 μὲν
876 2199 1083 2263 γίνεται
1122 2196 1186 2247 τὰ
1225 2198 1457 2265 πόριμα,
1496 2195 1745 2265 τρέπεται
1787 2195 1836 2249 δ’

153 2286 230 2347 εἰς
263 2286 549 2355 συμφορὰς
580 2282 912 2353 ἀνηκέστους
946 2284 974 2336 ὅ
1000 2304 1051 2335 τι
1086 2281 1206 2337 ποτ’
1246 2284 1313 2336 ἂν
1348 2285 1419 2346 ὡς
1452 2284 1670 2352 ἀγαθὸν
1703 2286 1844 2354 δρᾶν

86 2387 128 2419 25
154 2374 559 2426 σπουδάσωσιν.
645 2373 790 2441 <15>
841 2374 946 2440 ἤδη
999 2376 1190 2425 τοίνυν
1240 2375 1368 2435 τοὺς
1421 2372 1846 2441 ἐντευξομένους

151 2471 265 2524 τοῖς
304 2464 539 2530 βιβλίοις
569 2465 863 2530 παρακαλῶ
897 2462 996 2529 τὴν
1037 2462 1264 2529 γνώμην
1303 2467 1419 2533 θεῷ
1461 2461 1844 2531 προσανέχειν,

152 2549 242 2602 καὶ
277 2550 589 2618 δοκιμάζειν
620 2551 717 2602 τὸν
746 2548 1011 2619 ἡμέτερον
1049 2549 1382 2618 νομοθέτην,
1422 2552 1473 2602 εἰ
1502 2554 1601 2619 τήν
1641 2570 1697 2602 τε
1738 2552 1842 2619 φύ-

154 2653 244 2691 σιν
283 2637 454 2692 αὐτοῦ
494 2638 654 2702 ἀξίως
691 2641 984 2707 κατενόησε
1024 2637 1114 2691 καὶ
1153 2647 1216 2708 τῇ
1259 2639 1490 2707 δυνάμει
1529 2640 1843 2709 πρεπούσας

154 2725 238 2779 ἀεὶ
287 2728 381 2790 τὰς
426 2727 647 2797 πράξεις
686 2725 1028 2795 ἀνατέθεικε,
1076 2728 1250 2795 πάσης
1290 2730 1541 2795 καθαρὸν
1580 2730 1677 2781 τὸν
1716 2727 1842 2796 περὶ

87 2828 131 2860 30
154 2802 326 2868 αὐτοῦ
356 2815 600 2885 φυλάξας
631 2818 800 2882 λόγον
832 2823 925 2884 τῆς
947 2813 1074 2885 παρ’
1106 2817 1293 2878 ἄλλοις
1325 2815 1635 2885 ἀσχήμονος
1666 2822 1843 2885 μυθο-

157 2906 378 2973 λογίας,
431 2905 573 2972 <16>
617 2906 795 2957 καίτοι
843 2923 933 2973 γε,
986 2904 1119 2957 ὅσον
1168 2903 1254 2957 ἐπὶ
1301 2907 1458 2973 μήκει
1508 2907 1713 2975 χρόνου
1752 2903 1843 2957 καὶ
