2052 3141
842 32 1105 71 HEMHTH
1711 31 1816 84 297

131 168 356 234 νόμενοι
407 162 456 216 δ’
511 166 588 226 εἰς
633 162 857 232 Βέθηλα
903 166 1067 216 πόλιν
1115 166 1335 232 ἔγγιστα
1381 164 1672 234 κειμένην,
1727 166 1817 219 καὶ

130 254 526 321 νηστεύσαντες
570 253 704 304 κατὰ
751 253 851 320 τὴν
898 252 1192 321 ὑστεραίαν
1238 255 1335 305 τὸν
1385 255 1523 306 θεὸν
1573 252 1817 307 ἱκέτευον

132 342 224 393 διά
259 339 528 394 Φινεέσου
560 348 659 393 τοῦ
700 338 991 409 ἀρχιερέως
1029 342 1348 400 παύσασθαι
1388 350 1482 409 τῆς
1521 341 1686 411 ὀργῆς
1724 350 1818 410 τῆς

129 431 265 499 πρὸς
303 429 522 497 αὐτούς,
564 427 655 481 καὶ
692 438 807 491 ταῖς
844 427 1008 481 δυσὶν
1041 429 1222 482 αὐτῶν
1256 430 1439 497 ἥτταις
1478 429 1817 499 ἀρκεσθέντα

83 530 104 562 5
131 518 326 570 δοῦναι
358 521 520 586 νίκην
551 516 643 569 καὶ
677 518 873 587 κράτος
897 519 1031 569 κατὰ
1055 528 1164 570 τῶν
1204 522 1496 586 πολεμίων.
1546 519 1573 571 ὁ
1601 516 1661 571 δὲ
1685 521 1817 581 θεὸς

128 604 513 674 ἐπαγγέλλεται
555 615 724 659 ταῦτα
764 607 855 658 διὰ
898 605 1168 659 Φινεέσου
1208 608 1703 676 προφητεύσαντος.

238 694 418 762 <160>
448 697 773 763 ποιήσαντες
805 690 908 747 οὗν
939 696 1039 762 τὴν
1080 696 1338 763 στρατιὰν
1379 697 1480 748 δύο
1522 693 1675 764 μέρη,
1714 697 1815 764 τὴν

124 778 226 849 μὲν
265 782 518 850 ἡμίσειαν
558 785 942 852 προλοχίζουσι
982 785 1179 845 νυκτὸς
1225 782 1349 852 περὶ
1389 785 1488 852 τὴν
1527 787 1716 852 πόλιν,
1764 785 1821 837 οἱ

126 867 175 921 δ’
222 869 434 938 ἡμίσεις
467 869 812 939 συνέβαλλον
844 880 958 933 τοῖς
989 874 1358 940 Βενιαμίταις,
1398 872 1723 941 ὑπεχώρουν
1763 871 1808 924 τ’

57 970 99 1001 10
125 956 470 1026 ἐγκειμένων.
548 960 730 1026 <161>
763 957 853 1010 καὶ
886 959 1117 1012 ἐδίωκον
1151 961 1208 1012 οί
1227 963 1568 1029 Βενιαμῖται,
1608 971 1717 1013 τῶν
1750 959 1808 1013 θ’

114 1043 384 1114 Ἑβραίων
430 1045 865 1115 ὑποφευγόντων
913 1046 1085 1116 ἠρέμα
1132 1046 1223 1099 καὶ
1272 1046 1357 1100 ἐπὶ
1397 1050 1565 1116 πολύ,
1616 1052 1815 1101 θελόν-

121 1153 232 1186 των
271 1135 349 1196 είς
388 1136 534 1188 ἅπαν
582 1135 782 1198 αὐτοὺς
830 1134 1102 1203 ἐξελθεῖν,
1151 1135 1536 1205 ἀναχωροῦσιν
1575 1138 1815 1205 εἵποντο,

121 1223 194 1284 ὡς
232 1221 323 1274 καὶ
363 1226 492 1286 τοὺς
532 1223 592 1277 ἐν
631 1231 692 1293 τῇ
733 1227 888 1277 πόλει
920 1226 1228 1292 πρεσβύτας
1265 1224 1355 1277 καὶ
1395 1224 1556 1288 νέους
1596 1226 1814 1279 ὑπολει-

118 1309 365 1379 φθέντας
405 1309 478 1364 δι’
526 1311 823 1364 ἀσθένειαν
865 1314 1265 1381 συνεκδραμεῖν
1307 1313 1522 1381 αὐτοῖς,
1572 1313 1813 1367 πασσυδὶ

53 1411 95 1444 15
120 1398 499 1468 βουλομένους
531 1401 905 1470 χειρώσασθαι
937 1403 1065 1463 τοὺς
1097 1405 1406 1470 πολεμίους.
1475 1403 1546 1464 ὡς
1579 1400 1639 1455 δὲ
1671 1406 1812 1456 πολὺ

119 1495 212 1555 τῆς
264 1491 476 1550 πόλεως
540 1488 808 1558 ἀπέσχον,
871 1488 1178 1542 ἐπαύσαντο
1243 1487 1343 1558 μὲν
1406 1492 1705 1559 φεύγοντες
1761 1492 1818 1544 οἱ

110 1574 383 1644 Ἑβραῖοι,
432 1575 851 1646 ἐπιστραφέντες
899 1575 949 1629 δ’
997 1579 1242 1630 ἵστανται
1293 1581 1429 1648 πρὸς
1469 1580 1674 1648 μάχην,
1722 1578 1812 1631 καὶ

117 1673 232 1726 τοῖς
265 1663 325 1717 ἐν
357 1674 473 1726 ταῖς
513 1663 762 1734 ἐνέδραις
794 1661 918 1718 οὖσι
951 1667 1011 1718 τὸ
1047 1676 1273 1734 σημεῖον
1314 1672 1570 1736 αἴρουσιν
1612 1667 1639 1720 ὃ
1683 1682 1812 1720 συν-

120 1751 308 1806 έκειτο.
387 1755 568 1821 <162>
616 1757 673 1807 οἳ
717 1751 767 1806 δ’
815 1754 1202 1818 ἐξαναστάντες
1252 1756 1384 1823 μετὰ
1432 1759 1564 1824 βοῆς
1605 1756 1812 1825 ἐπῇσαν

50 1857 95 1888 20
118 1850 231 1904 τοῖς
291 1845 587 1910 πολεμίοις.
667 1845 723 1896 οἳ
774 1840 826 1895 δ’
896 1844 1005 1911 ἅμα
1066 1840 1110 1895 τ’
1171 1842 1551 1912 ἠπατημένους
1612 1845 1813 1907 αὑτοὺς

117 1928 366 2000 ᾔσθηντο
420 1929 511 1983 καὶ
567 1930 627 1983 ἐν
682 1930 955 2002 ἀμηχανία
999 1934 1454 1999 καθειστήκεσαν·
1495 1931 1586 1985 καὶ
1634 1938 1710 1995 εἵς
1759 1953 1809 1985 τι

117 2022 307 2071 κοῖλον
334 2017 740 2081 συνελαθέντας
771 2018 861 2072 καὶ
893 2021 1253 2089 φαραγγῶδες
1286 2023 1490 2089 χωρίον
1522 2022 1810 2089 περιστάν-

115 2125 204 2168 τες
233 2109 651 2175 κατηκόντισαν,
692 2108 827 2159 ὥστε
860 2107 1067 2169 πάντας
1101 2110 1481 2176 διαφθαρῆναι
1515 2110 1660 2176 πλὴν
1693 2108 1809 2172 ἑξα-

114 2197 337 2247 κοσίων.
414 2195 595 2263 <163>
635 2191 788 2248 οὗτοι
823 2192 883 2247 δὲ
917 2194 1319 2264 συστραφέντες
1357 2195 1447 2248 καὶ
1486 2199 1808 2250 πυκνώσαν-

49 2298 94 2330 25
117 2302 204 2344 τες
243 2280 497 2351 ἑαυτούς,
543 2282 633 2335 καὶ
685 2284 776 2335 διὰ
825 2282 1007 2351 μέσων
1048 2284 1322 2352 ὠσάμενοι
1362 2294 1471 2337 τῶν
1512 2288 1808 2353 πολεμίων,

117 2373 326 2440 ἔφυγον
367 2369 454 2423 ε’πὶ
493 2371 559 2422 τὰ
598 2374 833 2439 πλησίον
875 2373 1006 2441 ὄρη,
1046 2371 1136 2423 καὶ
1175 2376 1535 2442 κατασχόντες
1577 2374 1808 2442 ἱδρύθη-

114 2473 236 2511 σαν.
314 2460 372 2512 οἰ
418 2456 468 2510 δ’
514 2460 671 2512 ἄλλοι
720 2459 917 2521 πάντες
967 2459 1090 2529 περὶ
1143 2462 1469 2529 δισμυρίους
1521 2463 1673 2523 ὄντες
1717 2460 1808 2514 καὶ

113 2550 586 2616 πεντακισχιλίους
639 2546 939 2601 ἀπέθανον.
1031 2549 1212 2616 <164>
1266 2550 1323 2602 οὗ
1374 2548 1422 2602 δ’
1479 2547 1807 2619 Ἰσραηλῖται

114 2638 215 2704 τήν
269 2655 327 2688 τε
374 2637 564 2704 Γαβὰν
620 2636 955 2706 ἐμπιμπρᾶσι
1003 2636 1093 2689 καὶ
1144 2638 1238 2700 τάς
1288 2657 1343 2690 τε
1397 2648 1660 2706 γυναῖκας
1717 2637 1808 2691 καὶ

46 2737 92 2769 30
112 2734 224 2776 τῶν
271 2723 521 2794 ἀρρένων
572 2727 700 2787 τοὺς
747 2727 818 2793 μὴ
872 2724 933 2777 ἐν
985 2724 1126 2794 ἀκμῇ
1177 2727 1568 2796 διεχρήσαντο,
1613 2728 1706 2790 τάς
1753 2725 1798 2780 τ’

234 2829 258 2877 ἓ
294 2830 376 2868 159
404 2824 624 2868 =1udic.
659 2825 744 2867 XX
777 2831 846 2869 26.

1854 710 1903 748 11
