2052 3141
829 76 1039 118 ΠΡΩΤΗ
1706 77 1772 128 61

87 211 238 280 ήξειν
269 209 359 264 καὶ
391 218 548 278 τιμῆς
587 210 718 278 ὅσης
750 212 894 273 εἰκός
942 210 1055 263 ἐστι
1094 219 1280 281 τυχεῖν
1321 213 1422 280 τὴν
1463 211 1605 264 οὕτω
1648 227 1777 279 συγ-

89 308 234 368 γενῆ.
314 299 495 366 <298>
531 295 790 366 Ἰακώβου
833 295 891 350 δὲ
927 298 1176 368 ἀσμένως
1213 308 1382 353 ταῦτα
1423 299 1778 367 ἀκούσαντος,

87 386 175 439 καὶ
223 389 500 456 φήσαντος
546 385 720 454 ἡδέως
766 387 942 439 πάντα
990 387 1173 456 μένων
1204 376 1345 457 ’παρ’
1404 388 1549 458 αὐτῷ
1602 391 1777 440 πόνον

87 477 164 537 εἰς
215 474 427 543 ἡδονὴν
479 474 775 543 ὑπομενεῖν
830 476 930 543 τὴν
978 475 1226 544 ἐκείνου,
1282 478 1488 543 μισθὸν
1538 473 1587 528 δ’
1643 473 1778 545 ὑπὲρ

43 578 62 610 5
86 564 286 616 τούτου
326 565 517 631 λαβεῖν
567 561 850 625 ἀξιοῦντος
897 565 993 616 τὸν
1032 561 1291 633 Ῥαχήλας
1330 564 1536 632 γάμον,
1593 564 1684 615 διά
1725 583 1779 615 τε

88 646 256 704 τᾶλλα
295 659 452 719 τιμῆς
483 649 633 714 ἀξίας
665 648 791 721 παρ’
839 651 985 723 αὐτῷ
1027 652 1319 721 τυγχάνειν
1361 653 1530 720 οὔσης
1568 651 1656 704 καὶ
1698 652 1781 704 ὅτι

89 734 344 802 διάκονος
376 740 520 810 αὐτῷ
556 747 649 807 τῆς
679 741 814 808 πρὸς
855 739 1024 792 αὐτὸν
1057 739 1293 808 ἀφίξεως
1332 738 1547 807 γένοιτο
1591 739 1642 809 (ὁ
1677 741 1780 807 γὰρ

87 836 180 896 τῆς
209 829 406 890 παιδὸς
437 829 574 897 ἔρως
605 827 774 880 αὐτὸν
807 828 1071 895 ἠνάγκαζε
1111 830 1451 896 ποιήσασθαι
1490 831 1618 890 τοὺς
1657 827 1782 897 περὶ

88 917 285 969 τούτου
341 914 593 984 λόγους)·
658 915 838 983 <299>
894 916 1152 984 Λάβανος
1211 914 1259 968 δ’
1321 915 1513 984 ἡσθεὶς
1568 918 1783 978 τούτοις

21 1020 64 1051 10
89 1003 328 1057 ἐπινεύει
352 1006 448 1057 τὸν
474 1004 651 1072 γάμον
676 1004 824 1075 αὐτῷ
859 1013 954 1072 τῆς
984 1006 1199 1072 παιδός,
1241 1005 1340 1057 οὐκ
1373 1007 1543 1057 ἄλλον
1576 1004 1779 1073 ἀμείνω

88 1094 338 1162 γαμβρὸν
362 1092 656 1161 εὐξάμενος
681 1091 885 1161 ἐλθεῖνἕ
963 1094 1014 1145 εἰ
1044 1091 1230 1161 μέντοι
1263 1090 1389 1162 παρ’
1437 1093 1582 1164 αὐτῷ
1625 1092 1782 1162 μένοι

88 1183 209 1234 τινα
247 1183 472 1252 χρόνον,
511 1190 672 1234 τοῦτο
712 1184 986 1250 ποιήσειν·
1028 1183 1105 1243 εἰς
1144 1182 1248 1251 γάρ
1292 1185 1642 1244 Χαναναίους
1682 1183 1783 1235 οὐκ

88 1269 157 1322 ἂν
204 1269 413 1338 πέμψαι
460 1271 560 1337 τὴν
606 1268 919 1339 θυγατέρα,
970 1268 1289 1338 μεταμέλειν
1345 1272 1448 1340 γὰρ
1496 1271 1642 1344 αὐτῷ
1692 1270 1783 1323 καὶ

88 1367 186 1412 τοῦ
218 1366 311 1426 τῆς
345 1357 584 1426 ἀδελφῆς
617 1360 822 1426 κήδους
855 1358 967 1410 ἐκεῖ
1004 1357 1400 1427 συναφθέντος.
1481 1361 1659 1427 <300>
1683 1369 1783 1413 τοῦ

22 1462 62 1494 15
90 1445 138 1499 δ’
182 1444 443 1515 Ἰακώβου
499 1447 711 1509 τούτοις
760 1455 1178 1516 συγχωροῦντος
1226 1444 1335 1499 ἕπτ’
1392 1446 1528 1500 ἐτῶν
1578 1451 1782 1517 χρόνον

90 1538 436 1588 συντίθεται·
493 1535 690 1588 τοσάδε
746 1536 849 1605 γὰρ
906 1535 1052 1606 αὐτῷ
1102 1533 1343 1604 κέκριται
1388 1541 1657 1604 θητεῦσαι
1708 1545 1780 1608 τῷ

87 1629 362 1695 πενθερῷ,
402 1624 494 1676 ἴνα
536 1631 628 1692 τῆς
662 1623 854 1693 ἀρετῆς
892 1634 1087 1693 πεῖραν
1129 1625 1260 1686 δοὺς
1292 1623 1610 1694 ἐπιγνωσθῇ
1651 1630 1783 1693 μᾶλ-

89 1716 189 1766 λον
235 1715 316 1774 τίς
363 1717 461 1780 εἴη.
537 1710 629 1764 καὶ
678 1711 1120 1782 προσδεξάμενος
1165 1714 1262 1766 τὸν
1310 1715 1478 1781 λόγον
1527 1714 1784 1782 Λάβανος

88 1808 187 1853 τοῦ
241 1803 447 1870 χρόνου
504 1802 827 1864 διελθόντος
881 1804 1172 1871 προυτίθει
1227 1802 1327 1869 τὴν
1383 1802 1618 1872 εὐωχίαν
1673 1813 1783 1855 τῶν

23 1904 65 1936 20
90 1889 295 1957 γάμων.
374 1890 552 1957 <301>
578 1892 775 1952 νυκτὸς
801 1887 848 1941 δ’
883 1888 1270 1958 ἐπιγενομένης
1302 1887 1468 1943 οὐδὲν
1500 1896 1784 1961 προῃσθη-

90 1975 236 2049 μένω
298 1984 372 2049 τῷ
432 1974 671 2049 Ἰακώβῳ
735 1981 1195 2047 παρακατακλίνει
1258 1980 1358 2046 τὴν
1422 1976 1611 2048 ἑτέραν
1674 1989 1784 2032 τῶν

88 2063 435 2135 θυγατέρων,
472 2064 848 2136 πρεσβυτέραν
873 2086 928 2119 τε
960 2074 1054 2135 τῆς
1085 2064 1343 2135 Ῥαχήλας
1382 2065 1471 2118 καὶ
1512 2068 1613 2135 τὴν
1653 2069 1784 2131 ὄψιν

96 2153 196 2206 οὐκ
250 2153 507 2224 εὐπρεπῆ.
586 2155 878 2207 συνελθὼν
935 2153 983 2207 δ’
1047 2154 1253 2217 ἐκεῖνος
1307 2155 1413 2207 ὑπὸ
1469 2152 1643 2223 μέθης
1695 2155 1784 2208 καὶ

93 2244 339 2310 σκότους,
371 2238 486 2294 εἶτα
518 2240 643 2310 μεθ’
681 2241 890 2312 ἡμέραν
922 2244 1108 2311 γνούς,
1149 2242 1367 2295 ἀδικίαν
1400 2242 1647 2295 ἐπεκάλει
1672 2247 1785 2296 Λα-

28 2344 68 2377 25
93 2330 261 2402 βάνω.
338 2331 517 2398 <302>
569 2330 597 2382 ὃ
651 2327 711 2382 δὲ
763 2332 1095 2400 συγγνώμην
1147 2330 1326 2401 [ᾐτεῖτο
1378 2339 1471 2399 τῆς
1525 2330 1784 2401 ἀνάγκης,

94 2416 189 2487 ὑφ’
236 2415 300 2486 ἧς
330 2428 497 2472 ταῦτα
528 2418 804 2489 πράξειεν·
846 2419 911 2472 οὐ
944 2421 1047 2490 γὰρ
1088 2422 1222 2472 κατὰ
1261 2423 1598 2490 κακουργίαν
1639 2420 1785 2492 αὐτῷ

95 2508 194 2575 τὴν
234 2510 406 2560 Λείαν
445 2517 771 2577 παρασχεῖν,
820 2506 939 2560 ἀλλ’
986 2505 1080 2577 ὑφ’
1129 2507 1316 2578 ἑτέρου
1356 2511 1602 2577 μείζονος
1640 2528 1785 2562 νενι-

95 2593 348 2664 κημένον.
425 2604 586 2649 τοῦτο
627 2594 813 2664 μέντοι
859 2593 909 2663 γ’
958 2594 1125 2649 οὐδὲν
1167 2596 1475 2665 ἐμποδίζειν
1514 2599 1650 2667 πρὸς
1689 2599 1784 2651 τὸν

89 2680 348 2753 Ῥαχήλας
386 2684 589 2752 γάμον,
640 2681 758 2737 ἀλλ’
807 2683 999 2754 ἐρῶντι
1050 2687 1249 2738 δώσειν
1289 2686 1492 2754 ταύτην
1533 2684 1645 2754 μετ’
1693 2687 1786 2738 ἄλ-

34 2786 76 2818 30
100 2776 201 2840 λην
243 2770 504 2825 ἑπτετίαν.
582 2776 830 2826 πείθεται
864 2770 914 2826 δ’
955 2774 982 2827 ὁ
1011 2771 1284 2843 Ἰάκωβος·
1327 2771 1493 2827 οὐδὲν
1534 2775 1637 2845 γὰρ
1679 2774 1786 2827 ἕτε-

217 2878 240 2926 ξ
274 2877 359 2918 298
388 2896 442 2911 =
468 2873 579 2917 Gen.
612 2874 764 2917 XXIX
798 2879 864 2917 18.
