2052 3141
841 106 861 127 θ
875 58 1056 99 TPITH
1705 50 1811 102 167

124 195 290 256 ὁδοὺς
325 192 431 246 ὑπὸ
470 202 579 246 τῶν
621 191 811 261 ἱερέων
853 190 1089 259 ἐφέρετο.
1167 189 1348 256 <149>
1387 189 1577 256 ἵδρυτο
1619 183 1680 238 δὲ
1718 183 1812 237 καὶ

124 285 229 352 πρὸ
268 289 362 350 τῆς
408 289 608 349 σκηνῆς
654 282 837 349 βωμὸς
874 284 1134 349 χαλκοῦς,
1188 276 1459 340 ὑπόξυλος
1497 273 1587 328 καὶ
1627 274 1810 341 αὐτός,

125 370 357 438 ἑκάστην
394 370 637 439 πλευρὰν
669 367 829 421 πέντε
868 370 1097 437 πήχεσιν
1131 362 1610 434 ἐκμεμετρημένος,
1649 365 1710 415 τὸ
1752 359 1802 414 δ’

123 459 263 522 ὕψος
301 461 590 528 τρίπηχυς,
631 458 831 527 ὁμοίως
868 464 942 529 τῷ
983 463 1167 527 χρυσῷ
1208 450 1642 522 κεκοσμημένος,
1681 455 1810 521 χαλ-

80 563 100 593 5
124 556 243 608 καῖς
268 550 481 599 λεπίσιν
509 544 886 615 ἐξησκημένος,
920 545 1121 616 δικτύῳ
1155 544 1254 611 τὴν
1288 541 1523 611 ε’σχάραν
1549 540 1807 609 ἐμφερής·

125 633 397 704 ἐξεδέχετο
422 636 525 704 γὰρ
550 635 582 702 ἡ
609 643 675 702 γῆ
704 636 764 687 τὸ
799 633 902 686 ἀπὸ
935 641 1029 701 τῆς
1055 632 1284 701 ἐσχάρας
1307 637 1416 698 πῦρ
1441 631 1811 697 καταφερόμε-

123 744 245 791 νον,
268 732 363 791 τῆς
385 724 595 792 βάσεως
620 724 711 776 διὰ
735 724 937 784 παντὸς
962 721 1061 790 οὐχ
1085 717 1460 787 ὑποκειμένης.
1509 717 1690 784 (150)
1716 714 1811 768 ἀν-

124 814 280 880 τικρὺ
315 809 362 863 δ’
396 810 642 864 ἐτίθεντο
666 819 764 864 τοῦ
789 814 979 879 βωμοῦ
1012 811 1257 878 οἰνοχόαι
1288 827 1344 859 τε
1375 805 1466 859 καὶ
1490 806 1681 875 φιάλαι
1707 806 1812 856 σὺν

123 901 381 960 θυΐσκαις
411 897 502 950 καὶ
533 907 831 968 κρατῆρσιν
872 897 931 949 ἐκ
970 905 1200 966 χρυσοῦ·
1244 896 1344 948 ὅσα
1385 893 1431 947 δ’
1473 896 1611 946 ἄλλα
1644 893 1809 961 σκεύη

59 1003 100 1034 10
123 989 259 1056 πρὸς
304 988 398 1049 τὰς
446 987 756 1056 ἱερουργίας
801 988 1088 1053 πεποίητο,
1127 988 1298 1053 χαλκᾶ
1334 982 1510 1034 πάντα
1551 981 1810 1050 ὑπῆρχεν.

235 1077 416 1144 (151)
455 1073 545 1128 καὶ
584 1075 616 1143 ἡ
657 1071 758 1143 μὲν
791 1075 963 1143 σκηνὴ
1004 1074 1226 1140 τοιαύτη
1260 1069 1305 1124 τ’
1344 1068 1414 1139 ἧν
1454 1068 1544 1122 καὶ
1583 1070 1647 1122 τὰ
1687 1067 1812 1138 περὶ

125 1165 298 1233 αὐτὴν
330 1165 516 1232 σκεύη,
555 1167 803 1231 γίνονται
837 1160 896 1215 δὲ
928 1161 1018 1215 καὶ
1050 1171 1163 1223 τοῖς
1197 1162 1401 1228 ἱερεῦσι
1435 1161 1641 1226 στολαί,
1679 1160 1816 1210 πᾶσί
1838 1157 1869 1208 7

125 1273 179 1305 τε
220 1262 333 1315 τοῖς
371 1254 586 1319 ἄλλοις,
634 1252 730 1314 οὓς
770 1254 1030 1321 χααναιάς
1067 1254 1329 1317 καλοῦσι,
1368 1246 1458 1300 καὶ
1500 1248 1567 1315 δὴ
1608 1244 1698 1299 καὶ
1736 1253 1810 1317 τςό

127 1341 398 1411 ἀρχιερεῖ,
455 1340 519 1392 ὃν
574 1339 856 1409 ἀραβάχην
906 1338 1402 1408 προσαγορεύουσι·
1452 1338 1704 1403 σημαίνει
1753 1330 1813 1386 δὲ

60 1444 101 1476 15
127 1427 391 1499 ἀρχιερέα.
468 1430 568 1497 τὴν
619 1425 718 1497 μὲν
770 1424 872 1481 οὖν
918 1437 1027 1479 τῶν
1075 1427 1258 1478 ἄλλων
1305 1425 1506 1492 στολὴν
1554 1424 1813 1492 τοιαύτην

125 1515 267 1571 εἶναι
309 1517 671 1586 συμβέβηκεν·
712 1517 893 1584 <152>
935 1516 1065 1568 ὅταν
1107 1511 1166 1567 δὲ
1205 1516 1404 1582 προσίῃ
1444 1522 1560 1573 ταῖς
1600 1512 1814 1581 ἱερουρ-

126 1611 269 1674 γίαις
308 1608 336 1661 ὁ
380 1607 583 1675 ἱερεύς,
637 1606 916 1673 ἡγνευκὼς
961 1604 1030 1672 ἣν
1078 1604 1106 1657 ὁ
1153 1605 1323 1671 νόμος
1362 1600 1587 1669 ἁγνείαν
1629 1602 1816 1668 διαγο-

127 1697 300 1765 ρεύει,
349 1705 568 1764 πρῶτον
616 1691 715 1763 μὲν
770 1696 1105 1762 περιτίθεται
1159 1694 1255 1745 τὸν
1318 1690 1667 1759 μενναχασὴν
1729 1692 1815 1741 λε-

126 1787 379 1853 γόμενον.
457 1784 712 1852 βούλεται
753 1779 813 1834 δὲ
853 1790 1013 1835 τοῦτο
1062 1788 1375 1848 συνακτῆρα
1430 1775 1530 1846 μὲν
1587 1779 1815 1846 δηλοῦν,

59 1888 103 1918 20
128 1873 368 1941 διάζωμα
394 1869 443 1924 δ’
475 1870 589 1924 ἐστὶ
620 1869 743 1940 περὶ
768 1867 962 1941 τᾴδοῖα
994 1869 1202 1939 ῥαπτὸν
1236 1867 1294 1920 ἐκ
1326 1867 1538 1935 βύσσου
1571 1870 1815 1933 κλωστῆς

126 1959 507 2030 εἰργασμένον,
547 1959 924 2028 ἐμβαινόντων
964 1959 1041 2020 είς
1081 1957 1212 2010 αὐτὸ
1253 1966 1362 2008 τῶν
1402 1955 1591 2007 ποδῶν
1633 1955 1813 2023 ὥσπερ

127 2051 203 2111 εἰς
236 2048 590 2117 ἀναξυρίδας·
632 2045 987 2115 ἀποτέμνεται
1022 2042 1070 2098 δ’
1108 2041 1246 2113 ὑπὲρ
1278 2044 1466 2112 ἥμισυ,
1504 2041 1596 2095 καὶ
1633 2047 1815 2095 τελευ-

127 2145 298 2204 τῆσαν
361 2138 486 2206 ἄχρι
547 2143 641 2204 τῆς
697 2137 930 2202 λαγόνος
982 2132 1106 2203 περὶ
1167 2133 1339 2200 αὐτὴν
1401 2130 1813 2199 ἀποσφίγγεται.

128 2226 310 2293 (153)
350 2223 438 2277 ἐπὶ
479 2221 539 2276 δὲ
571 2225 746 2295 τούτῳ
787 2227 981 2276 λινοῦν
1015 2224 1223 2290 ἔνδυμα
1265 2222 1457 2288 διπλῆς
1496 2228 1661 2288 φορεῖ
1698 2232 1813 2270 σιν-
1847 2230 1874 2268 2

62 2328 105 2360 25
131 2315 295 2376 δόνος
319 2315 598 2382 βυσσίνης.
639 2309 911 2381 χεθομένη
938 2307 1037 2379 μὲν
1062 2315 1322 2377 καλεῖται,
1348 2313 1542 2361 λινοῦν
1569 2303 1628 2359 δὲ
1652 2314 1813 2359 τοῦτο

132 2405 404 2470 σημαίνει·
447 2401 631 2469 χεθὼν
671 2400 774 2468 γὰρ
808 2401 867 2452 τὸ
901 2402 1057 2451 λίνον
1097 2398 1250 2466 ἡμεῖς
1288 2401 1577 2464 καλοῦμεν.
1632 2394 1815 2462 (154)

131 2493 244 2543 ἔστι
286 2486 345 2542 δὲ
391 2496 552 2541 τοῦτο
600 2489 660 2540 τὸ
709 2488 918 2555 ἔνδυμα
966 2487 1211 2554 ποδήρης
1250 2486 1417 2555 χιτὼν
1456 2502 1816 2553 περιγεγραμ-

130 2577 292 2647 μένος
329 2585 402 2648 τῷ
445 2578 670 2644 σώματι,
698 2573 798 2628 ,καὶ
839 2576 932 2637 τὰς
971 2576 1211 2644 χειρῖδας
1249 2571 1371 2642 περὶ
1411 2582 1524 2634 τοῖς
1562 2574 1815 2641 βραχίοσι

129 2663 580 2735 κατεσφιγμένος,
630 2664 695 2717 ὃν
742 2663 1134 2727 ἐπιζώννυνται
1173 2661 1308 2714 κατὰ
1349 2665 1577 2728 στῆθος,
1625 2658 1816 2726 ὀλίγον

249 2786 273 2834 ς
307 2785 389 2823 149
425 2802 480 2816 =
512 2779 655 2823 Exod.
696 2779 870 2822 XXVII
912 2787 948 2822 1.
1102 2782 1125 2831 ς
1161 2782 1243 2820 153
1272 2798 1326 2812 =
1349 2775 1495 2820 Exod.
1535 2774 1729 2818 Xxvm·
1767 2777 1815 2827 43

130 2853 323 2898 XXXIX
356 2860 394 2898 8.
