2052 3141
916 78 1126 119 ΠΡΩΤΗ
1796 77 1864 128 51

175 213 527 282 ἀπεσήμαινε.
605 215 701 264 καί
738 210 1009 280 εῬεβέκκα
1049 209 1167 279 μέν’
1199 214 1376 280 φησίν
1417 210 1541 278 “ε’γὼ
1575 217 1867 279 καλοῦμαι,

173 304 349 372 πατὴρ
390 300 439 354 δ’
473 299 593 370 ἐμοὶ
617 302 945 368 Βαθούηλος
976 296 1067 367 ἧν·
1108 298 1240 367 ἀλλ’,
1271 299 1298 352 ὃ
1333 297 1432 368 μὲν
1472 301 1575 368 «ἤδη
1618 298 1871 368 τέθνηκε,

175 391 433 459 Λάβανος
470 387 519 442 δ’
551 388 789 457 ἀδελφός
820 389 971 441 ἐστιν
1002 386 1278 457 ἡμέτερος,
1324 397 1422 441 τοῦ
1454 387 1498 440 τ’
1539 393 1695 440 οἷ’κου
1735 406 1869 439 παν-

170 481 262 540 τὸς
302 480 406 530 σὺν
455 484 518 546 τῇ
568 476 730 547 μητρὶ
769 478 1180 547 προνοούμενος
1226 475 1316 528 καὶ
1358 483 1451 543 τῆς
1492 475 1620 544 ἐμῆς
1658 481 1870 542 παρθε-

126 583 145 614 5
170 570 290 628 νίας
315 565 738 634 ἐπιμελόμενοςῖ
808 566 988 633 <249>
1015 566 1226 617 τούτων
1253 564 1665 634 ἀκροασάμενος
1690 563 1873 633 ἔχαιρέ

170 674 225 707 τε
266 664 381 717 τοῖς
420 657 677 722 γεγονόσι
717 653 808 706 καὶ
848 662 961 715 τοῖς
1001 650 1339 722 εἰρημένοις,
1380 656 1476 706 τὸν
1517 655 1655 705 θεὸν
1698 653 1871 715 οὕτως

171 743 319 812 ὁρῶν
374 743 519 814 αὐτῷ
571 752 662 810 τῆς
718 743 855 795 ὁδοῦ
912 751 1098 810 σαφῶς
1154 744 1699 809 συλλαμβανόμενον.
1780 740 1870 793 καὶ

169 835 507 900 προκομίσας
540 832 805 901 ὁρμίσκον
838 850 893 881 τε
927 833 1021 882 καί
1056 850 1208 890 τινας
1245 832 1502 897 κόσμους,
1544 830 1639 891 οὓς
1679 830 1866 899 εὐπρε-

168 917 265 982 πὲς
310 929 506 989 φορεῖν
554 917 887 988 παρθένοις,
936 917 1196 969 ἀνεδίδου
1251 926 1313 986 τῇ
1361 921 1496 987 κόρῃ
1536 926 1628 985 τῆς
1669 917 1755 970 ἐπὶ
1795 923 1867 988 τῷ

107 1025 148 1056 10
172 1017 321 1061 πιεῖν
360 1009 578 1078 χάριτος
616 1007 854 1076 ἀμοιβὴν
894 1002 1036 1058 εἶναι
1076 1004 1164 1057 καὶ
1206 1004 1396 1075 γέρας,
1437 1008 1652 1057 δίκαιον
1694 1004 1870 1073 λέγων

175 1098 441 1149 τοιούτων
475 1097 646 1164 αὐτὴν
678 1095 990 1164 τυγχάνειν,
1028 1093 1249 1161 ἀγαθὴν
1285 1095 1431 1163 παρὰ
1470 1094 1564 1155 τὰς
1603 1095 1871 1155 τοσαύτας

167 1182 482 1254 παρθένους
535 1182 855 1252 γενομένην.
934 1183 1115 1250 <250>
1168 1181 1325 1250 ἠξίου
1382 1202 1436 1234 τε
1494 1179 1622 1251 παρ’
1685 1183 1870 1244 αὐτοῖς

168 1279 538 1342 καταχθῆναι,
576 1281 674 1325 τοῦ
713 1269 1041 1341 προσωτέρω
1082 1279 1285 1340 χωρεῖν
1326 1277 1420 1337 τῆς
1457 1272 1654 1331 νυκτὸς
1698 1270 1867 1323 αὐτὸν

169 1359 602 1431 ἀφαιρουμένης·
642 1363 851 1428 κόσμον
891 1379 945 1411 τε
986 1357 1170 1427 φέρων
1212 1367 1529 1425 γυναικεῖον
1568 1362 1858 1426 πολυτελῆ,

103 1466 143 1498 15
167 1451 446 1502 πιστεύειν
494 1450 663 1502 αὑτὸν
711 1449 812 1501 οὐκ
860 1444 1282 1516 ἀσφαλεστέροις
1330 1448 1565 1514 ἔφασκεν
1606 1446 1638 1514 ἢ
1678 1448 1858 1499 τοιού-

168 1559 282 1601 τοις
338 1540 454 1600 οἵας
508 1538 673 1605 αὐτῆς
720 1537 1001 1606 ἐπειράθη.
1079 1538 1467 1603 τεκμαίρεσθαι
1517 1532 1577 1586 δὲ
1624 1534 1713 1586 καὶ
1762 1536 1863 1602 τὴν

167 1635 260 1695 τῆς
300 1629 501 1697 μητρὸς
546 1625 636 1678 καὶ
675 1625 950 1694 τάδελφοῦ
1002 1626 1430 1693 φιλανθρωπίαν
1471 1623 1638 1690 αὐτῆς
1677 1625 1863 1690 ἔλεγεν

170 1716 241 1778 ὡς
281 1716 347 1769 οὐ
388 1717 824 1786 δυσχερανοῦσιν
867 1713 924 1766 ἐκ
963 1720 1057 1780 τῆς
1095 1712 1219 1779 περὶ
1261 1712 1434 1780 αὐτὴν
1475 1711 1690 1781 ἀρετῆς·
1733 1709 1865 1764 οὐδὲ

170 1805 273 1874 γὰρ
314 1806 538 1857 ἔσεσθαι
578 1804 775 1873 βαρύς,
815 1805 1021 1871 μισθόν
1060 1821 1116 1853 τε
1159 1809 1252 1869 τῆς
1292 1800 1607 1870 φιλοξενίας
1645 1798 1865 1862 τελέσας

103 1909 145 1940 20
169 1891 261 1945 καὶ
294 1892 562 1954 δαπάναις
595 1893 758 1954 ι’διάις
789 1890 1146 1960 χρησάμενος.
1228 1890 1409 1957 <251>
1436 1889 1468 1956 ἢ
1503 1886 1563 1940 δὲ
1602 1887 1726 1957 περὶ
1771 1885 1870 1956 μὲν

169 1989 263 2050 τῆς
308 1990 418 2034 τῶν
468 1979 679 2048 γονέων
726 1981 1148 2048 φιλανθρωπίας
1201 1978 1366 2045 αὐτῆς
1407 1977 1589 2046 ὀρθῶς
1627 1977 1858 2039 εἰκάζειν

170 2071 340 2124 αὐτὸν
378 2066 548 2137 εἶπεν,
590 2067 857 2138 ἐμέμφετο
893 2065 941 2120 δ’
983 2068 1055 2129 ὡς
1094 2068 1468 2135 μικρολόγους
1505 2066 1865 2134 ὑπειληφότα

169 2159 392 2212 πάντων
440 2159 545 2228 γὰρ
601 2156 798 2227 ἀμισθὶ
850 2155 1115 2225 μεθέξειν.
1196 2156 1487 2222 δηλώσασα
1527 2152 1713 2221 μέντοι
1755 2157 1868 2204 Λα-

171 2247 321 2320 βάνῳ
375 2249 643 2316 πρότερον
688 2246 977 2317 τάδελφῷ,
1026 2251 1454 2313 συγχωροῦντος
1500 2241 1649 2304 ἄξειν
1702 2241 1870 2293 αὐτὸν

104 2350 146 2382 25
171 2337 372 2402 ἔλεγεν.
451 2336 630 2402 <252>
674 2335 747 2397 ὡς
786 2330 888 2387 οὖν
928 2335 1127 2386 τούτου
1169 2329 1476 2400 γενομένου
1517 2337 1726 2399 παρῆγε
1771 2331 1867 2382 τὸν

171 2422 358 2491 ξένον,
408 2424 503 2485 τὰς
541 2421 641 2492 μὲν
681 2425 957 2491 καμήλους
995 2422 1166 2473 αὐτοῦ
1206 2421 1623 2488 παραλαβόντες
1665 2418 1723 2470 οἱ
1758 2422 1870 2469 Λα-

171 2511 347 2580 βάνου
401 2512 738 2580 θεράποντες
804 2509 1135 2580 ἐτημέλουν,
1198 2509 1367 2570 αὐτὸς
1431 2504 1491 2558 δὲ
1555 2508 1868 2574 δειπνήσων

171 2602 418 2669 εἰσήγετο
458 2597 582 2669 παρ’
631 2601 793 2671 αὐτῷ.
870 2597 960 2651 καὶ
1011 2599 1143 2666 μετὰ
1182 2599 1242 2649 τὸ
1289 2597 1514 2648 δεῖπνον
1553 2593 1688 2663 φησὶ
1727 2597 1865 2663 πρός

172 2686 216 2740 τ’
264 2689 434 2742 αὐτὸν
473 2687 693 2759 καὶκτὴν
733 2685 935 2757 μητέρα
968 2694 1060 2754 τῆς
1098 2688 1262 2755 κόρης
1308 2682 1604 2753 ςἍβραμος
1638 2683 1861 2752 Θάρρου

105 2791 148 2822 30
174 2774 274 2845 μέν
314 2776 462 2830 ἐστιν
508 2777 660 2843 υἱός,
716 2776 984 2843 συγγενὴς
1032 2771 1079 2826 δ’
1127 2771 1410 2841 ὑμέτερος·
1452 2772 1724 2841 Ναχώρης
1763 2772 1866 2838 γὰρ

294 2882 322 2930 ἓ,
356 2882 440 2921 249
468 2900 523 2914 =
549 2876 660 2920 Gen.
696 2875 847 2919 XXIV
881 2881 949 2920 24.

1538 2946 1599 2989 4*
