2052 3141
805 103 1080 143 ΔΕΤΤΕΡΑ
1714 100 1741 150 7
1750 99 1783 151 3

95 237 202 290 ὑπὸ
256 245 355 290 τοῦ
404 239 606 307 πατρὸς
661 235 747 289 ἐπὶ
803 237 1082 304 συλλογὴν
1138 245 1247 287 τῶν
1302 244 1527 303 καρπῶν
1583 233 1787 302 θέρους

97 324 427 394 ἀκμάζοντος
459 325 563 396 ὁρᾷ
595 328 736 377 πολὺ
770 335 880 377 τῶν
912 326 1045 377 κατὰ
1085 326 1185 392 τὴν
1226 327 1532 392 συνήθειαν
1574 323 1786 392 ἐπιφοι-

95 415 316 466 τώντων
348 415 482 466 κατὰ
507 416 634 475 τοὺς
658 413 868 475 ὕπνους
893 413 1194 482 ὀνειράτων
1228 410 1602 480 διαφέρουσαν
1636 413 1787 479 ὄψιν,

95 503 164 570 ἣν
210 501 584 571 περιεγερθεὶς
629 512 742 564 τοῖς
781 502 1058 570 ἀδελφοῖς,
1099 502 1170 562 ὡς
1209 510 1499 570 κρινοῦσιν
1540 500 1685 570 αὐτῷ
1726 501 1786 552 τὸ

52 606 72 638 5
97 593 523 659 σημαινόμενον,
564 589 800 657 ἐξέθετο,
839 589 1015 658 λέγων
1051 591 1191 642 ἰδεῖν
1226 588 1311 641 ἐπὶ
1344 598 1437 657 τῆς
1476 589 1787 657 παρελθού-

98 694 194 748 σης
232 681 428 741 νυκτὸς
467 681 527 732 τὸ
568 677 668 747 μὲν
709 680 880 732 αὑτοῦ
929 679 1143 747 δράγμα
1183 688 1293 730 τῶν
1333 687 1526 747 πυρῶν
1565 678 1788 745 ἠρεμεῖν

97 767 182 837 ἐφ’
230 764 296 820 οὗ
335 766 601 835 κατέθηκε
648 770 851 835 τόπου,
902 768 966 819 τὰ
1016 766 1064 819 δ’
1115 767 1340 819 ἐκείνων
1380 765 1788 835 προστρέχοντα

95 865 430 925 προσκυνεῖν
486 855 617 908 αὐτὸ
673 856 921 923 καθάπερ
980 856 1036 907 οἱ
1081 856 1273 907 δοῦλοι
1330 858 1456 917 τοὺς
1509 856 1788 915 δεσπότας.

96 944 240 1011 <12>
276 946 333 996 οἳ
369 940 428 995 δὲ
462 942 718 1005 συνέντες
760 946 919 1013 ἰσχὺν
953 943 1098 1014 αὐτῷ
1140 942 1229 995 καὶ
1271 942 1505 1011 μέγεθος
1542 942 1790 1011 πραγμά-

29 1047 71 1079 10
95 1051 204 1084 των
243 1032 344 1099 τὴν
385 1033 516 1095 ὄψιν
548 1031 949 1101 προλέγουσαν,
990 1030 1079 1083 καὶ
1111 1030 1226 1083 κατ’
1274 1032 1457 1083 αὐτῶν
1498 1033 1597 1098 τὴν
1640 1030 1790 1093 ἐξου-

96 1123 221 1173 σίαν
263 1119 563 1188 ἐσομένην,
602 1128 675 1191 τςό
718 1117 818 1188 μὲν
854 1118 1098 1191 Ἰωσήπῳ
1132 1121 1342 1173 τούτων
1384 1117 1570 1186 οὐδέν,
1613 1119 1683 1180 ὡς
1725 1118 1791 1170 οὐ

95 1211 376 1277 γνώριμον
401 1209 587 1271 αὐτοῖς
613 1209 677 1261 ὂν
702 1205 929 1277 τοῦναρ,
964 1209 1325 1277 διεσάφησαν,
1350 1207 1485 1276 ἀρὰς
1519 1205 1566 1259 δ’
1609 1206 1791 1275 ε’ποιή-

98 1311 263 1350 σαντο
305 1294 478 1365 μηδὲν
528 1299 605 1359 εἰς
643 1297 796 1359 τέλος
835 1301 1136 1365 παρελθεῖν
1188 1297 1334 1368 αὐτῷ
1377 1292 1454 1348 ὧν
1494 1296 1790 1361 ὑπενόουν,

96 1384 187 1438 καὶ
224 1387 360 1454 πρὸς
392 1384 561 1437 αὐτὸν
594 1387 671 1436 ἔτι
705 1389 913 1453 μᾶλλον
947 1385 1200 1453 ἀπεχθῶς
1240 1387 1454 1453 ἔχοντες
1495 1382 1790 1436 διετέλουν.

31 1488 72 1520 15
211 1474 354 1541 <13>
400 1479 474 1543 τῷ
524 1469 584 1524 δὲ
630 1470 756 1542 παρ’
805 1473 984 1525 αὐτῶν
1033 1476 1232 1544 φθόνῳ
1281 1476 1791 1540 προσφιλονικῆσαν

97 1565 158 1616 τὸ
205 1568 365 1614 θεῖον
422 1560 684 1630 δευτέραν
733 1563 864 1624 ὄψιν
912 1560 1196 1629 ἐπιπέμπει
1244 1569 1317 1632 τῷ
1355 1558 1599 1632 Ἰωσήπῳ
1651 1563 1792 1612 πολὺ

97 1658 191 1718 τῆς
246 1649 513 1719 προτέρας
564 1649 1049 1719 θαυμασιωτέραν·
1106 1652 1203 1702 τὸν
1256 1651 1359 1718 γὰρ
1407 1650 1567 1717 ἥλιον
1621 1648 1793 1716 ἔδοξε,

98 1740 197 1806 τὴν
239 1742 476 1807 σελήνην
523 1742 912 1807 παραλαβόντα
959 1738 1050 1790 καὶ
1096 1741 1225 1800 τοὺς
1272 1741 1499 1800 λοιποὺς
1547 1737 1794 1806 ἀστέρας,

100 1826 187 1880 ἐπὶ
233 1829 333 1895 τὴν
381 1835 484 1894 γῆν
531 1832 821 1879 κατελθεῖν
868 1826 958 1879 καὶ
1009 1836 1344 1895 προσκυνεῖν
1386 1827 1569 1879 αὐτόν.
1648 1827 1793 1894 <14>

33 1931 75 1962 20
98 1917 302 1983 ταύτην
340 1917 440 1984 τὴν
481 1917 612 1979 ὄψιν
651 1923 724 1987 τῷ
766 1919 948 1984 πατρί,
988 1913 1160 1984 μηδὲν
1199 1916 1345 1984 παρὰ
1385 1925 1495 1967 τῶν
1537 1915 1795 1984 ἀδελφῶν

99 2006 371 2072 κακόηθες
423 2004 784 2073 ὑφορώμενος
834 2002 924 2056 καὶ
976 2005 1188 2056 τούτων
1238 2007 1796 2072 παρατυγχανόντων,

101 2092 418 2161 διεσάφησε,
457 2095 514 2144 τί
547 2090 637 2144 καὶ
678 2093 935 2160 βούλεται
977 2095 1266 2160 σημαίνειν
1307 2092 1514 2161 φράσαι
1553 2110 1795 2162 παρακα-

102 2184 228 2233 λῶν.
305 2181 449 2248 <15>
491 2180 519 2233 ὃ
561 2177 611 2233 δ’
656 2181 804 2248 ἥσθη
848 2188 920 2251 τῷ
964 2181 1229 2249 ὀνείρατι·
1270 2182 1369 2248 τὴν
1411 2181 1514 2249 γὰρ
1555 2184 1796 2249 πρόρρη-

103 2282 193 2320 σιν
233 2269 404 2321 αὐτοῦ
443 2276 506 2337 τῇ
559 2270 779 2339 διανοίᾳ
821 2271 1112 2337 συλλαβὼν
1153 2267 1243 2321 καὶ
1285 2269 1418 2337 μετὰ
1459 2271 1656 2336 σοφίας
1696 2268 1797 2320 οὐκ

35 2369 77 2402 25
103 2354 354 2417 ἀσκόπως
392 2355 637 2422 εἰκάσας,
685 2359 902 2425 ἔχαιρεν
952 2356 1038 2409 ἐπὶ
1086 2357 1342 2424 μεγάλοις
1381 2365 1494 2418 τοῖς
1534 2370 1797 2424 σημαινο-

103 2442 302 2511 μένοις.
379 2444 523 2511 <16>
571 2443 931 2512 εὐδαιμονίαν
978 2446 1081 2513 γὰρ
1130 2453 1203 2516 τῷ
1253 2443 1407 2496 παιδὶ
1447 2447 1797 2512 κατήγγελλε,

103 2530 193 2584 καὶ
239 2533 434 2600 καιρὸν
479 2530 631 2598 ἥξειν
681 2537 822 2585 θεοῦ
871 2534 1065 2595 δόντος
1103 2531 1231 2586 καθ’
1280 2533 1344 2585 ὃν
1385 2532 1553 2584 αὐτὸν
1592 2532 1700 2585 ὑπό
1740 2552 1796 2584 τε

103 2629 213 2672 τῶν
245 2619 455 2687 γονέων
488 2619 578 2672 καὶ
610 2630 719 2673 τῶν
752 2620 1009 2690 ἀδελφῶν
1042 2624 1268 2674 ἔσεσθαι
1300 2624 1482 2689 τίμιον
1515 2619 1605 2672 καὶ
1629 2636 1797 2690 προσ-

104 2710 384 2776 κυνήσεως
422 2707 596 2775 ἄξιον,
635 2710 736 2777 τὴν
768 2706 868 2777 μὲν
902 2713 1139 2778 σελήνην
1171 2708 1260 2761 καὶ
1292 2712 1389 2762 τὸν
1436 2710 1594 2777 ἥλιον
1635 2708 1798 2777 μητρὶ

38 2811 81 2842 30
104 2794 195 2848 καὶ
239 2800 429 2865 πατρί,
483 2803 576 2864 τῆς
623 2794 724 2865 μὲν
771 2796 1042 2866 αὐξούσης
1091 2799 1302 2850 ἅπαντα
1342 2796 1431 2849 καὶ
1471 2798 1797 2866 τρεφούσης,

226 2902 250 2950 ς
286 2902 337 2940 11
367 2919 422 2933 =
449 2882 810 2941 &im-XXXVII
842 2902 882 2941 5.
