2052 3141
858 73 1132 114 ΔΕΤΤΕΡΑ
1769 72 1837 125 87

54 203 350 273 γχμένων.
426 206 571 275 <85>
598 211 660 261 τό
684 226 739 260 τε
766 207 869 275 γὰρ
894 208 988 268 τὰς
1004 210 1138 275 βοῦς
1164 208 1323 274 ἰδεῖν,
1351 210 1489 278 ζῷον
1512 204 1592 260 ἐπ’
1625 207 1839 281 ἀρότρῳ

155 277 353 347 πονεῖνΙ
375 293 761 363 γεγενημένον,
804 294 910 347 ὑπὸ
947 303 1055 346 τῶν
1087 297 1355 363 χειρόνων
1390 293 1839 364 κατεσθιομένας,

156 379 245 432 καὶ
278 382 335 434 oc
359 383 585 452 στάχυες
617 383 722 436 ὑπὸ
755 390 865 435 τῶν
899 381 1206 435 ἐλαττόνων
1240 373 1643 451 δαπανώμενοι,
1676 386 1838 452 λιμὸν

154 470 413 542 Αἰγύπτῳ
443 469 535 524 καὶ
567 470 837 541 ἀκαρπίαν
871 468 958 523 ἐπὶ
989 477 1228 523 τοσαῦτα
1265 470 1838 541 προκαταγγέλλουσιν

110 569 129 602 5
154 559 243 625 ἔτη
276 567 389 621 τοῖς
421 564 557 622 ἴσοις
588 562 856 629 πρότερον
889 559 1351 629 εὐδαιμονησάσῃ,
1385 560 1456 622 ὡς
1494 561 1594 627 τὴν
1627 561 1837 613 τούτων

150 645 419 716 εὐφορίαν
458 657 566 700 τῶν
607 647 742 700 ε’τῶν
781 647 887 700 ὑπὸ
928 654 1020 715 τῆς
1059 656 1168 699 τῶν
1201 648 1333 715 μετὰ
1372 656 1638 701 τοσοῦτον
1678 647 1838 718 ἀριθ-

150 735 254 801 μὸν
311 739 445 787 ἴσων
499 734 732 805 ἀφορίας
785 735 1236 803 ὑπαναλωθῆναι.
1338 740 1621 804 γενήσεται
1684 735 1732 788 δ’
1804 736 1836 804 ἡ

150 821 344 883 σπάνις
389 831 499 873 τῶν
546 821 858 890 ἀναγκαίων
906 825 1122 892 σφόδρα
1164 826 1640 894 δυσκατόρθωτος·
1691 825 1836 893 <86>

149 918 374 977 σημεῖον
423 907 509 978 δέ,
556 911 616 962 αἰ
650 912 753 980 γὰρ
801 910 1234 980 κατισχνωμέναι
1281 915 1405 980 βόες
1453 914 1837 981 δαπανήσασαι

81 1010 124 1041 10
147 997 240 1059 τὰς
272 1000 583 1066 κρείττονας
616 998 715 1051 οὐκ
750 1004 982 1068 ἴσχυσαν
1016 1005 1366 1068 κορεσθῆναι.
1439 1001 1466 1053 ὁ
1494 999 1680 1068 μέντοι
1704 1004 1837 1064 θεὸς

147 1085 246 1138 οὐκ
286 1083 373 1138 ἐπὶ
412 1093 485 1158 τῷ
536 1090 728 1139 λυπεῖν
776 1088 840 1139 τὰ
884 1085 1153 1155 μέλλοντα
1193 1097 1306 1149 τοῖς
1346 1087 1665 1157 ἀνθρώποις
1703 1108 1835 1159 προ-

147 1175 447 1242 δείκνυσιν,
479 1173 597 1228 ἀλλ’
631 1175 776 1238 ὅπως
808 1178 1216 1244 προεγνωκότες
1247 1175 1583 1246 κουφοτέρας
1616 1176 1835 1230 συνέσει

144 1272 407 1316 ποιῶνται
455 1264 548 1325 τάς
594 1270 782 1333 πείρας
828 1273 936 1317 τῶν
984 1263 1451 1332 κατηγγελμένων.
1532 1267 1599 1317 σὺ
1641 1269 1833 1319 τοίνυν

144 1352 573 1420 ταμιευσάμενος
626 1351 841 1420 τάγαθὰ
895 1354 959 1404 τὰ
1016 1353 1149 1405 κατὰ
1206 1355 1301 1406 τὸν
1357 1363 1575 1421 πρῶτον
1629 1357 1833 1423 χρόνον

79 1450 119 1483 15
143 1442 517 1509 γενησόμενα,
579 1443 824 1508 ποιήσεις
885 1440 1291 1509 ἀνεπαίσθητον
1347 1443 1671 1508 Αἰγυπτίοις
1732 1445 1832 1512 τὴν

145 1527 581 1597 ἐπελευσομένην
623 1529 957 1599 συμφοράν.’

254 1617 397 1684 <87>
436 1618 825 1686 θαυμάσαντος
866 1615 926 1669 δὲ
973 1625 1070 1670 τοῦ
1110 1616 1377 1686 βασιλέως
1414 1619 1514 1686 τὴν
1554 1621 1831 1688 φρόνησιν

143 1703 233 1757 καὶ
264 1706 364 1773 τὴν
398 1707 600 1774 σοφίαν
635 1713 734 1758 τοῦ
769 1702 1054 1774 Ἰωσήπου,
1095 1704 1183 1758 καὶ
1215 1703 1539 1774 πυθομένου
1579 1710 1702 1760 τίνα
1741 1707 1832 1760 καὶ

142 1795 346 1862 τρόπον
378 1796 899 1862 προοικονομήσειεν
934 1793 993 1845 ἐν
1026 1804 1139 1856 τοῖς
1177 1801 1270 1862 τῆς
1302 1793 1582 1863 εὐετηρίας
1621 1806 1832 1865 καιροῖς

77 1894 120 1925 20
143 1883 207 1934 τά
246 1879 369 1951 περὶ
409 1891 518 1934 τῶν
559 1882 691 1950 μετὰ
730 1882 960 1949 ταύτην,
1009 1882 1081 1944 ὡς
1129 1881 1196 1934 ἂν
1238 1881 1575 1951 ἐλαφρότερα
1616 1883 1829 1951 γένοιτο

141 1970 205 2022 τά
229 1977 323 2037 τῆς
353 1968 603 2038 ἀφορίας,
642 1970 786 2038 <88>
817 1970 1107 2023 ὑπετίθετο
1142 1969 1232 2022 καὶ
1258 1972 1623 2038 συνεβούλευε
1656 1975 1828 2041 φειδὼ

140 2063 422 2111 ποιεῖσθαι
454 2067 563 2110 τῶν
598 2057 845 2126 ἀγαθῶν,
885 2056 976 2110 καὶ
1009 2060 1080 2127 μὴ
1115 2059 1249 2110 κατὰ
1280 2063 1603 2128 περιουσίαν
1644 2061 1830 2124 αὐτοῖς

140 2151 379 2215 χρῆσθαι
418 2155 530 2208 τοῖς
569 2148 893 2214 Αἰγυπτίοις
934 2146 1257 2216 ἐπιτρέπειν,
1299 2145 1416 2200 ἀλλ’
1457 2146 1538 2200 ὄσ’
1586 2148 1654 2201 ἂν
1694 2151 1829 2202 κατὰ

139 2235 356 2302 τρυφὴν
389 2232 747 2287 ἀναλώσωσιν
781 2234 839 2288 ἐκ
870 2244 1144 2305 περιττοῦ,
1184 2243 1352 2288 ταῦτα
1390 2246 1576 2305 τηρεῖν
1618 2240 1694 2299 εἰς
1732 2240 1829 2291 τὸν

72 2332 114 2364 25
138 2329 231 2390 τῆς
278 2320 489 2383 ἐνδείας
536 2325 745 2392 καιρόν.
824 2323 1198 2377 ἀποτίθεσθαί
1239 2344 1295 2376 τε
1342 2322 1574 2395 παρῄνει
1623 2327 1827 2394 λαμβά-

135 2428 304 2462 νοντα
343 2411 438 2462 τὸν
480 2419 631 2462 σῖτον
671 2412 816 2481 παρὰ
848 2420 958 2464 τῶν
992 2423 1271 2481 γεωργῶν,
1310 2413 1374 2464 τὰ
1416 2414 1611 2481 διαρκῆ
1652 2416 1826 2482 μόνον

135 2499 212 2560 εἰς
245 2498 549 2567 διατροφὴν
582 2508 940 2568 χορηγοῦντα.
1019 2500 1163 2568 <89>
1200 2502 1514 2570 Φαραώθης
1555 2498 1603 2553 δ’
1651 2501 1826 2571 ἀμφο-

135 2583 309 2655 τέρων
340 2586 631 2654 θαυμάσας
665 2585 950 2656 Ἰώσηπον,
989 2596 1083 2656 τῆς
1113 2608 1169 2640 τε
1209 2592 1438 2658 κρίσεως
1475 2597 1575 2642 τοῦ
1615 2589 1826 2659 ὀνείρα-

135 2693 225 2735 τος
264 2672 353 2726 καὶ
401 2681 493 2741 τῆς
543 2678 908 2743 συμβουλίας,
964 2676 1109 2747 αὐτῷ
1153 2677 1254 2745 τὴν
1294 2678 1615 2745 οἰκονομίαν
1654 2695 1825 2747 παρα-

69 2775 112 2807 30
137 2762 366 2814 δίδωσιν
400 2762 536 2814 ὥστε
568 2763 824 2831 πράττειν
850 2763 883 2816 ἃ
906 2763 997 2816 καὶ
1030 2772 1102 2835 τῷ
1136 2767 1338 2833 πλήθει
1369 2774 1480 2818 τῶν
1506 2766 1825 2833 Αἰγυπτίων

256 2866 280 2915 ἓ
314 2867 369 2906 85
398 2884 453 2898 --
478 2861 589 2906 Gen.
622 2862 722 2905 XLI
754 2868 822 2908 26.
