2052 3141
0 258 69 281 ›f-

50 593 69 625 5

30 1032 72 1064 10

33 1473 74 1505 15

35 1914 77 1946 20

37 2353 79 2386 25

801 89 1077 129 AETTEPA
1675 81 1777 134 127

92 227 283 287 πτιόυς
315 226 534 293 ἔφασκε,
574 223 706 291 μετὰ
739 220 828 274 καὶ
868 230 967 274 τοῦ
1006 223 1103 274 τὸν
1135 218 1405 289 Ἑβραίων
1446 220 1582 271 λαὸν
1622 217 1782 270 ἀπελ-

92 319 221 366 θεῖν
262 312 321 365 ἐκ
360 319 454 380 τῆς
492 312 670 381 χώρας
709 310 922 377 αὐτῶν,
963 309 1210 362 ἀκόντων
1245 307 1493 375 ἐκείνων.

205 401 386 468 <293>
425 407 523 452 τοῦ
565 396 624 452 δὲ
674 397 940 467 βασιλέως
980 397 1402 466 ἐκφαυλίζοντος
1440 397 1568 457 τοὺς
1606 397 1781 446 Μωυ-
1803 393 1874 445 14

95 487 217 552 σέος
255 491 453 556 λόγους
491 486 582 540 καὶ
621 489 892 556 μηδεμίαν
933 486 1271 554 ἐπιστροφὴν
1311 487 1388 536 ἐτι
1427 480 1783 551 ποιουμένου,

93 577 245 644 πάθη
274 577 428 629 δεινὰ
452 578 580 639 τοὺς
604 577 941 643 Αἰγυπτιόυς
972 572 1401 643 κατελάμβανεν·
1445 568 1521 628 ὧν
1555 571 1783 624 ἕκαστον

96 665 400 734 ἐκθήσομαι
442 664 533 717 διά
571 683 626 716 τε
666 666 726 716 τὸ
768 665 839 732 μὴ
881 665 1149 732 πρότερόν
1189 675 1296 713 τισι
1339 661 1624 729 συμβάντα
1662 662 1782 712 τότε

94 763 209 817 τοῖς
246 755 571 821 Αἰγυπτίοις
609 754 686 814 εἰς
734 761 929 821 πεῖραν
971 751 1184 818 ἐλθεῖν,
1231 748 1320 802 καὶ
1362 750 1452 801 διὰ
1491 751 1551 802 τὸ
1592 749 1783 816 βούλε-

96 848 229 894 σθαι
268 844 522 908 Μωυσῆν
571 837 744 908 μηδὲν
793 835 870 892 ὧν
910 850 1171 908 προεῖπεν
1211 838 1395 900 αὐτοῖς
1434 837 1784 905 ψευσάμενον

95 928 388 997 ἐπιδεῖξαι,
435 927 525 980 καὶ
578 928 661 980 ὅτι
708 926 976 997 συμφέρει
1024 936 1137 990 τοῖς
1185 926 1502 996 ἀνθρώποις
1541 930 1786 994 μαθοῦσι

95 1018 469 1088 φυλάττεσθαι
515 1016 684 1069 ταύτὰ
739 1026 920 1069 ποιεῖν
973 1015 1225 1083 ἐκείνοις,
1281 1016 1352 1083 μὴ
1406 1015 1784 1082 δυσαρεστήσῃ

95 1108 156 1159 τὸ
196 1111 357 1159 θεῖον
389 1102 514 1174 μηδ’
555 1106 632 1167 εἰς
672 1104 846 1173 ὀργὴν
886 1101 1090 1173 τραπὲν
1131 1103 1400 1171 ἀμύνηται
1440 1110 1534 1170 τῆς
1573 1100 1786 1162 ἀδικίας

97 1194 311 1256 αὐτούς.
388 1194 569 1260 <294>
603 1193 631 1246 ὁ
664 1194 767 1262 γὰρ
800 1195 1040 1261 ποταμὸς
1072 1193 1258 1254 αὐτοῖς
1299 1192 1607 1259 αἱματώδης
1645 1195 1786 1241 θεοῦ

97 1283 454 1344 κελεύσαντος
509 1280 712 1350 ἐρρύη,
768 1284 1036 1334 πίνεσθαί
1077 1301 1132 1333 τε
1182 1281 1252 1349 μὴ
1307 1280 1641 1347 δυνάμενος,
1696 1275 1788 1329 καὶ

96 1372 278 1439 πηγὴν
319 1368 508 1439 ἑτέραν
539 1369 760 1422 ὑδάτων
793 1369 891 1422 οὐκ
925 1372 1168 1438 ἔχουσιν·
1211 1366 1334 1437 οὐχὶ
1374 1369 1474 1436 τὴν
1514 1369 1684 1436 χρόαν
1726 1362 1786 1418 δὲ

99 1461 273 1527 μόνον
311 1454 381 1525 ἢν
420 1465 694 1525 τοιοῦτος,
741 1457 878 1509 ἀλλὰ
926 1456 1015 1509 καὶ
1056 1466 1170 1519 τοῖς
1208 1454 1566 1525 πειρωμένοις
1604 1457 1786 1506 πίνειν

99 1545 381 1615 ἀλγήματα
426 1544 517 1598 καὶ
552 1547 764 1615 ’πικρὰν
817 1546 1026 1614 ὀδύνην
1065 1543 1419 1614 προσέφερεν.
1496 1544 1677 1610 <295>
1718 1539 1787 1610 ἦν

101 1632 161 1687 δὲ
207 1642 454 1697 τοιοῦτος
499 1631 600 1702 μὲν
639 1636 990 1702 Αἰγυπτίοις,
1031 1633 1305 1702 Ἑβραίοις
1354 1630 1414 1684 δὲ
1453 1633 1658 1699 γλυκὺς
1696 1628 1787 1682 καὶ

99 1726 327 1792 πότιμος
379 1721 469 1775 καὶ
525 1720 697 1791 μηδὲν
751 1731 849 1776 τοῦ
904 1724 1038 1775 κατὰ
1092 1723 1264 1791 φύσιν
1319 1717 1786 1791 παρηλλαγμένος.

100 1813 236 1880 πρὸς
275 1807 377 1864 οὖν
424 1814 484 1864 τὸ
532 1811 846 1881 παράδοξον
894 1811 1247 1881 ἀμηχανήσας
1295 1811 1323 1863 ὁ
1363 1810 1647 1878 βασιλεύς,
1697 1806 1788 1860 καὶ

103 1900 286 1961 δείσας
323 1898 447 1969 περὶ
487 1909 597 1952 τῶν
637 1902 985 1968 Αἰγυπτίων,
1034 1901 1332 1969 συνεχώρει
1372 1907 1485 1960 τοῖς
1515 1895 1789 1966 Ἑβραίοις

100 1985 331 2040 ἀπιέναι.
407 1986 498 2040 καὶ
543 1996 641 2040 τοῦ
688 1997 859 2041 κακοῦ
909 1990 1266 2057 λωφήσαντος
1305 1987 1471 2038 πάλιν
1509 1986 1610 2053 τὴν
1649 1985 1789 2051 γνώ-

101 2096 210 2144 μην
249 2073 560 2145 μετέβαλεν,
600 2077 701 2129 οὐκ
741 2075 1043 2146 ἐπιτρέπων
1082 2078 1181 2144 τὴν
1222 2076 1435 2143 ἄφοδον
1476 2073 1676 2135 αὐτοῖς.

213 2165 392 2232 <296>
443 2165 472 2218 ὁ
525 2162 586 2217 δὲ
634 2168 800 2233 θεός,
856 2165 1316 2234 ἀγνωμονοῦντος
1365 2161 1455 2215 καὶ
1511 2162 1642 2230 μετὰ
1689 2162 1789 2228 τὴν

104 2251 424 2319 ἀπαλλαγὴν
455 2260 548 2321 τῆς
580 2261 867 2323 συμφορᾶς
907 2251 1087 2306 οὐκέτι
1129 2260 1440 2321 σωφρονεῖν
1482 2247 1790 2317 ἐθέλοντος,

104 2341 277 2407 ἄλλην
338 2350 451 2402 τοῖς
504 2343 829 2408 Αἰγυπτίοις
893 2340 1136 2411 ἐπιφέρει
1195 2343 1425 2409 πληγήν.
1503 2338 1791 2408 βατράχων

103 2432 316 2495 πλῆθος
348 2428 575 2497 ἄπειρον
607 2430 707 2496 τὴν
740 2436 844 2496 γῆν
886 2429 1068 2481 αὐτῶν
1111 2429 1455 2496 ἐπεβόσκετο·
1498 2428 1691 2495 μεστὸς
1731 2423 1792 2477 δὲ

103 2517 315 2568 τούτων
365 2514 455 2567 καὶ
496 2516 523 2569 ὁ
563 2519 803 2584 ποταμὸς
847 2514 944 2585 ἦν,
993 2518 1064 2579 ὡς
1104 2515 1483 2585 διαμωμένους
1521 2517 1581 2567 τὸ
1621 2516 1791 2567 ποτὸν

104 2611 177 2674 τῷ
233 2612 342 2655 τῶν
401 2601 552 2674 ζῴων
609 2605 763 2673 ἰχῶρι
811 2604 1194 2673 κεκακωμένον
1246 2605 1546 2672 λαμβάνειν
1598 2602 1792 2655 ἐναπο-

105 2694 469 2759 θνησκόντων
515 2690 606 2744 καὶ
653 2691 1198 2762 ἐνδιαφθειρομένων
1244 2699 1316 2763 τῷ
1358 2692 1533 2743 ὕδατι.
1610 2691 1792 2758 <297>

41 2779 140 2846 3οή
180 2799 235 2831 τε
275 2781 424 2849 χώρα
463 2779 644 2833 αὐτῶν
684 2783 849 2850 μεστὴ
890 2790 1058 2850 κακῆς
1095 2776 1165 2848 ἦν
1207 2781 1384 2847 ἰλύος,
1430 2777 1791 2848 γεννωμένων

226 2885 249 2933 ἓ
282 2885 365 2924 293
396 2902 448 2917 =
475 2880 606 2923 Exod
651 2882 738 2925 VH
771 2887 838 2926 13.
962 2887 985 2934 ἓ
1019 2886 1104 2924 294
1130 2904 1184 2917 =
1210 2881 1354 2925 Exod.
1388 2881 1474 2924 VII
1505 2886 1575 2925 20.
