2052 3141
840 97 1052 138 ΠΡΩΤΗ
1719 96 1789 149 69

97 233 443 301 θεασάμενος
489 229 538 284 δ’
586 231 756 299 αὐτὴν
797 229 1068 299 Συχέμης,
1108 230 1136 283 ὁ
1172 227 1459 299 Ἐμμώρου
1499 239 1597 284 τοῦ
1635 234 1790 299 βασι-

100 320 234 383 λέως
271 321 421 389 υἱός,
460 323 682 389 φθείρει
724 317 795 372 δι’
843 318 1112 389 ἁρπαγῆς,
1159 317 1249 373 καὶ
1290 318 1562 381 διατεθεὶς
1603 318 1789 389 ἐρωτι-

98 420 205 472 κῶς
245 410 469 462 ἱκετεύει
508 411 606 461 τὸν
637 406 842 477 πατέρα
875 411 1066 476 λαβεῖν
1107 407 1251 479 αὐτῷ
1294 410 1431 477 πρὸς
1471 408 1648 476 γάμον
1688 409 1788 476 τὴν

98 500 282 567 κόρην.
360 497 540 564 <338>
591 495 619 549 ὃ
661 493 722 548 δὲ
767 495 1014 558 πεισθεὶς
1060 492 1153 563 ἧκε
1203 498 1339 565 πρὸς
1376 499 1473 549 τὸν
1509 494 1788 564 Ἰάκωβον,

53 600 72 631 5
98 587 359 654 δεόμενος
390 591 464 656 τῷ
492 583 648 637 παιδὶ
682 584 852 638 αὐτοῦ
878 583 1102 654 Συχέμη
1137 584 1386 648 συζεῦξαι
1413 589 1623 637 Δεῖναν
1655 586 1790 637 κατὰ

97 676 286 742 νόμον.
359 671 615 742 Ἰάκωβος
648 671 697 726 δ’
737 670 851 726 οὔτ’
900 671 1204 740 ἀντιλέγειν
1238 676 1376 742 ἔχων
1418 675 1508 726 διὰ
1549 673 1789 742 τάξίωμα

96 770 195 815 τοῦ
226 766 675 831 παρακαλοῦντος
706 762 832 814 οὔτε
872 765 1109 830 νόμιμον
1148 761 1453 830 ἡγούμενος
1493 761 1787 834 ἀλλοφύλῳ

97 852 428 912 συνοικίζειν
482 851 582 917 τὴν
635 849 950 918 θυγατέρα,
1013 850 1246 918 ἠξίωσεν
1302 850 1585 921 ἐπιτρέψαι
1640 851 1786 922 αὐτῷ

95 939 305 1006 βουλὴν
345 937 570 1006 ἀγαγεῖν
609 937 734 1007 περὶ
776 933 853 990 ὧν
885 939 1193 1007 παρεκάλει.
1273 940 1453 1006 <339>
1489 937 1648 1009 ἀπῄει
1688 936 1788 1007 μὲν

29 1041 71 1071 10
95 1022 197 1079 οὗν
238 1026 266 1079 ὁ
307 1029 566 1095 βασιλεὺς
606 1026 835 1090 ἐλπίζων
871 1024 1131 1095 Ἰάκωβον
1183 1026 1409 1096 πράξειν
1449 1030 1546 1080 τὸν
1588 1028 1786 1095 γάμον·

89 1111 344 1182 Ἰάκωβος
398 1112 456 1167 δὲ
512 1123 626 1177 τοῖς
678 1113 832 1167 παισὶ
882 1116 1132 1182 δηλώσας
1179 1118 1278 1184 τήν
1327 1136 1382 1167 τε
1431 1117 1656 1185 φθορὰν
1696 1124 1790 1184 τῆς

96 1202 337 1271 ἀδελφῆς
376 1202 467 1255 καὶ
506 1212 605 1256 τοῦ
639 1201 928 1271 Ἐμμώρου
963 1205 1064 1271 τὴν
1106 1202 1295 1271 δέησιν
1335 1204 1492 1271 ἠξίου
1532 1206 1789 1272 βουλεύε-

95 1296 229 1343 σθαι
261 1294 317 1342 τί
346 1293 434 1343 δεῖ
460 1301 656 1344 ποιεῖν.
736 1292 793 1344 οἱ
821 1288 920 1359 μὲν
954 1287 1056 1344 οὖν
1088 1295 1311 1354 πλειόυς
1342 1292 1614 1362 ἡσύχαζον
1648 1295 1788 1361 γνώ-

96 1400 198 1448 μης
230 1379 582 1447 ἀποροῦντες,
624 1380 861 1447 Συμεὼν
895 1376 955 1431 δὲ
988 1378 1076 1431 καὶ
1113 1384 1299 1447 Λευίς,
1341 1381 1663 1451 ὁμομήτριοι
1696 1390 1789 1450 τῆς

28 1482 69 1513 15
94 1470 260 1537 κόρης
284 1467 534 1536 ἀδελφοί,
573 1470 708 1537 πρὸς
742 1467 1014 1536 ἀλλήλους
1040 1472 1394 1521 συντίθενται
1420 1471 1639 1522 τοιάνδε
1666 1472 1788 1523 τινὰ

93 1556 307 1625 πρᾶξιν.
387 1557 567 1624 <340>
616 1556 783 1624 οὔσης
836 1554 1024 1625 ἑορτῆς
1069 1556 1160 1608 καὶ
1207 1567 1316 1609 τῶν
1357 1562 1660 1626 Σικιμιτῶν
1713 1562 1789 1622 είς

69 1646 283 1706 ,ἄνεσιν
316 1642 407 1696 καὶ
438 1645 674 1714 εὐωχίαν
708 1643 1112 1713 τετραμμένων,
1151 1647 1367 1715 νύκτωρ
1401 1648 1636 1715 πρώτοις
1677 1647 1788 1700 ε’πι-

93 1735 354 1800 βαλόντες
386 1743 498 1795 τοῖς
529 1732 731 1802 φύλαξι
770 1736 1048 1786 κτείνουσι
1088 1733 1483 1803 κοιμωμένους,
1523 1735 1613 1788 καὶ
1652 1754 1788 1805 παρ-

94 1823 353 1883 ελθόντες
399 1823 477 1883 εἰς
523 1822 622 1889 τὴν
669 1824 832 1873 πόλιν
873 1820 1165 1890 ἀναιροῦσι
1203 1830 1314 1874 πᾶν
1354 1825 1521 1893 ἄρρεν
1561 1823 1651 1876 καὶ
1690 1827 1788 1878 τὸν

28 1923 70 1955 20
96 1907 323 1977 βασιλέα
364 1911 469 1961 σὺν
509 1910 694 1971 αὐτοῖς
733 1908 823 1961 καὶ
865 1912 960 1962 τὸν
1000 1911 1125 1962 υῐὸν
1167 1911 1356 1977 αὐτοῦ,
1397 1914 1684 1980 φείδονται
1726 1910 1787 1965 δὲ

93 2006 202 2050 τῶν
242 2007 536 2065 γυναικῶν.
613 1998 912 2068 πράξαντες
953 1995 1012 2050 δὲ
1045 2007 1213 2051 ταῦτα
1255 2000 1380 2068 δίχα
1420 2008 1512 2068 τῆς
1551 2010 1648 2054 τοῦ
1687 2019 1787 2053 πα-

93 2087 219 2154 τρὸς
249 2087 470 2154 γνώμης
503 2085 839 2154 ἐπανάγουσι
873 2088 972 2155 τὴν
1005 2086 1268 2155 ἀδελφήν.
1338 2088 1518 2156 <341>
1544 2088 1784 2162 Ἰακώβῳ

95 2171 144 2226 δ’
207 2172 528 2241 ἐκπλαγέντι
577 2177 713 2244 πρὸς
767 2177 827 2228 τὸ
884 2173 1118 2243 μέγεθος
1171 2185 1280 2227 τῶν
1337 2180 1648 2244 γεγονότων
1696 2176 1786 2229 καὶ

92 2265 477 2330 χαλεπαίνοντι
530 2266 666 2333 πρὸς
712 2266 842 2326 τοὺς
886 2264 1045 2326 υἱοὺς
1093 2264 1120 2316 ὁ
1173 2266 1305 2326 θεὸς
1349 2266 1627 2333 παραστὰς
1675 2264 1786 2318 ἐκέ-

27 2361 70 2394 25
95 2353 254 2401 λευσε
293 2355 563 2419 θαρρεῖν,
611 2350 897 2419 ἁγνίσαντι
948 2348 1008 2403 δὲ
1056 2352 1150 2414 τάς
1190 2353 1393 2420 σκηνὰς
1431 2357 1633 2415 θυσίας
1673 2353 1786 2406 ε’πι-

94 2442 290 2506 τελεῖν,
330 2438 392 2500 ἃς
416 2440 476 2490 τὸ
509 2449 726 2507 πρῶτον
761 2439 938 2492 ἀπιὼν
979 2441 1056 2502 είς
1094 2441 1195 2508 τὴν
1220 2444 1655 2511 ΝΙεσοποταμίαν
1697 2442 1784 2496 ἐπὶ

93 2533 156 2595 τῇ
205 2528 329 2589 ὄψει
376 2526 667 2596 τούνείρου
714 2527 930 2595 ηὔξατο.
1010 2528 1190 2595 <342>
1231 2528 1467 2596 ἁγνίζων
1515 2527 1618 2583 οὖν
1657 2534 1785 2593 τοὺς

94 2611 394 2683 ἑπομένους
449 2614 766 2684 ἐντυγχάνει
828 2625 941 2678 τοῖς
994 2617 1260 2685 Λαβάνου
1322 2623 1477 2680 θεοῖς
1534 2618 1553 2674 (
1558 2620 1624 2672 οὐ
1679 2622 1783 2690 γὰρ

93 2703 354 2770 ἠπίστατο
408 2702 514 2756 ὑπὸ
569 2711 663 2771 τῆς
708 2701 965 2773 Ῥαχήλας
1018 2704 1377 2774 κλαπέντας),
1440 2705 1530 2758 καὶ
1585 2708 1785 2770 αὐτοὺς

27 2804 70 2836 30
94 2793 330 2860 ἔκρυψεν
387 2790 446 2843 ἐν
493 2794 746 2859 Σικίμοις
793 2794 869 2854 εἰς
916 2800 1020 2860 γῆν
1061 2793 1166 2845 ὑπὸ
1208 2795 1307 2861 τὴν
1349 2795 1523 2862 δρῦν,
1575 2795 1784 2866 ἀπάρας

213 2896 236 2945 g
269 2896 353 2935 338
382 2913 437 2927 =
463 2891 574 2935 Gen.
605 2891 797 2935 XXXIV
832 2898 870 2936 6.
