2052 3141
836 55 1099 96 HEMHTH
1703 54 1808 105 329

125 188 177 239 εἰ
206 195 307 240 σοῦ
339 190 492 256 χρεία
524 195 755 257 γαμετῆς
789 186 936 240 ἐστὶν
969 189 1135 259 αὐτῷ,
1175 187 1263 241 καὶ
1297 186 1512 256 λέγοντι
1545 185 1644 256 μὲν
1685 187 1810 241 ἀκο-

126 277 422 343 λουθήσεις
453 275 662 348 ἐκείνῳ,
700 274 1141 346 παραιτουμένου
1176 273 1235 329 δὲ
1267 280 1419 350 νόμῳ
1455 292 1513 330 σε
1554 280 1810 345 συνοική-

128 377 338 417 σουσαν
377 363 613 432 ἄξομαιῖ

235 452 417 520 <332>
448 461 616 505 ταῦτα
641 460 703 522 τῇ
738 451 905 524 ἑκυρᾷ
938 454 1259 522 δηλωσάσης
1291 454 1532 522 εὐθυμία
1564 462 1808 523 κατεῖχεν

79 554 100 586 5
125 541 307 609 αὐτάς,
350 539 408 593 ἐν
442 539 620 593 ἐλπίδι
651 549 749 594 τοῦ
782 544 1050 609 πρόνοιαν
1091 540 1232 604 ἕξειν
1266 542 1446 594 αὐτῶν
1471 544 1682 605 Βόαζον
1723 561 1809 610 γε-

123 626 372 697 νομένας.
421 629 670 691 κάκεῖνος
700 631 805 698 ἤδη
840 631 1111 698 μεσούσης
1150 638 1242 698 τῆς
1282 628 1483 700 ἡμέρας
1523 632 1808 683 κατελθὼν

125 719 201 779 εἰς
238 719 339 785 τὴν
379 720 541 770 πόλιν
581 720 680 785 τήν
720 736 774 769 τε
816 720 1110 786 γερουσίαν
1152 726 1374 786 συνῆγε,
1415 717 1504 770 καὶ
1543 737 1809 787 μεταπεμ-

121 806 364 874 ψάμενος
406 806 505 873 τὴν
546 803 782 874 Ῥούθην
817 804 994 858 ἐκάλει
1035 805 1124 858 καὶ
1156 809 1252 859 τὸν
1287 815 1547 875 συγγενῆ·
1588 807 1678 859 καὶ
1710 824 1810 859 πα-

123 892 497 962 ραγενομένου
544 897 714 962 φησίν
764 895 943 961 <333>
986 891 1351 964 ςἘλιμελέχου
1392 895 1480 947 καὶ
1522 906 1631 949 τῶν
1673 898 1808 949 υἱῶν

57 994 99 1025 10
123 981 294 1034 αὐτοῦ
325 983 544 1050 κλήρων
576 981 838 1050 κρατεῖς;’
881 983 1322 1050 ὁμολογήσαντος
1356 981 1416 1036 δὲ
1458 986 1809 1054 συγχωρούν-

120 1089 231 1122 των
278 1079 387 1122 τῶν
440 1071 629 1138 νόμων
676 1067 789 1121 κατ’
838 1069 1179 1139 ἀγχιστείαν,
1233 1071 1359 1123 ‘obn
1400 1067 1527 1124 οὖν’
1569 1071 1739 1140 φησὶν
1780 1073 1807 1126 ὁ

124 1160 327 1221 Βόαζος
367 1156 446 1221 “ε’ξ
488 1157 735 1226 ἡμισείας
775 1159 862 1210 δεῖ
907 1164 1220 1226 μεμνῆσθαι
1259 1169 1369 1211 τῶν
1409 1162 1623 1227 νόμων,
1671 1160 1808 1213 ἀλλὰ

120 1247 297 1300 πάντα
335 1255 515 1299 ποιεῖν
554 1243 667 1298 κατ’
708 1246 921 1307 αὐτούς.
998 1248 1310 1310 ΑΜάλλωνος
1348 1249 1451 1317 γὰρ
1494 1246 1644 1318 δεῦρ’
1690 1249 1809 1317 ἥκει

121 1336 384 1403 γύναιον,
424 1334 588 1403 ὅπερ,
628 1336 677 1386 εἰ
713 1333 896 1397 θέλεις
935 1345 1043 1387 τῶν
1085 1335 1270 1405 ἀγρῶν
1310 1346 1562 1405 κρατεῖν,
1613 1347 1808 1406 γαμεῖν

56 1435 96 1468 15
122 1438 181 1476 σε
216 1425 303 1476 δεῖ
329 1424 464 1475 κατὰ
496 1425 624 1485 τοὺς
654 1423 896 1491 νόμους.’
974 1425 1154 1492 <334>
1196 1425 1223 1478 ὁ
1266 1422 1325 1477 δὲ
1351 1426 1540 1498 Βοάζῳ
1581 1425 1671 1478 καὶ
1710 1436 1808 1481 τοῦ

119 1515 326 1582 κλήρου
358 1510 448 1564 καὶ
480 1519 573 1579 τῆς
607 1514 865 1579 γυναικὸς
907 1514 1229 1582 παρεχώρει,
1271 1524 1528 1581 συγγενεῖ
1556 1511 1655 1582 μὲν
1690 1516 1807 1567 ὄντι

120 1599 211 1652 καὶ
259 1600 402 1672 αὐτῷ
451 1609 559 1653 τῶν
607 1603 1092 1669 τετελευτηκότων,
1141 1598 1283 1653 εἶναι
1333 1599 1392 1654 δὲ
1444 1601 1533 1654 καὶ
1573 1613 1807 1669 γυναῖκα

122 1687 298 1755 λέγων
353 1688 498 1759 αὑτῷ
555 1686 644 1740 καὶ
697 1690 894 1750 παῖδας
948 1691 1069 1757 ἤδη.
1163 1689 1343 1757 <335>
1397 1692 1808 1760 μαρτυράμενος

122 1772 223 1829 οὖν
256 1776 284 1830 ὁ
310 1779 516 1840 Βόαζος
547 1779 647 1845 τὴν
680 1781 994 1846 γερουσίαν,
1037 1777 1283 1831 ἐκέλευσε
1317 1786 1378 1848 τῇ
1414 1778 1633 1846 γυναικὶ
1673 1781 1807 1833 ὑπο-

52 1877 96 1910 20
121 1868 284 1917 λῦσαι
317 1865 486 1918 αὐτὸν
517 1870 941 1934 προσελθοῦσαν
973 1867 1107 1918 κατὰ
1139 1869 1235 1919 τὸν
1274 1869 1450 1935 νόμον
1489 1867 1578 1920 καὶ
1618 1870 1808 1922 πτύειν

119 1954 195 2014 εἰς
247 1955 308 2006 τὸ
361 1956 673 2022 πρόσωπον.
750 1953 1052 2022 γενομένου
1106 1952 1166 2007 δὲ
1217 1954 1306 2007 καὶ
1355 1957 1553 2009 τούτου
1603 1959 1809 2021 Βόαζος

118 2049 283 2109 γαμεῖ
328 2042 428 2109 τὴν
467 2039 737 2110 Ῥούθην,
787 2041 877 2094 καὶ
929 2046 1135 2110 γίνεται
1185 2045 1411 2097 παιδίον
1463 2045 1648 2107 αὐτοῖς
1688 2044 1799 2113 μετ’

120 2127 374 2181 ἐνιαυτὸν
414 2131 596 2199 ἄρρεν.
673 2131 854 2198 (336)
894 2139 1054 2184 τοῦτο
1099 2132 1130 2199 ἡ
1174 2131 1393 2200 Νααμὶς
1433 2132 1805 2202 τιθηνουμένη

119 2218 253 2269 κατὰ
294 2221 636 2285 συμβουλίαν
676 2228 785 2271 τῶν
825 2229 1102 2286 γυναικῶν
1139 2217 1378 2289 Ὠβήδην
1424 2220 1677 2274 ἐκάλεσεν
1719 2220 1806 2274 ἐπὶ

53 2316 96 2349 25
120 2308 424 2376 γηροκομίᾳ
462 2313 525 2374 τῇ
567 2306 732 2373 αὑτῆς
771 2310 1212 2375 τραφησόμενον·
1256 2305 1491 2377 Ὠβήδης
1530 2310 1632 2379 γὰρ
1674 2311 1808 2362 κατὰ

121 2393 407 2446 διάλεκτον
446 2394 546 2460 τὴν
578 2392 849 2463 Ἑβραίων
890 2394 1252 2464 ἀποσημαίνει
1293 2398 1591 2449 δουλεύων.
1650 2395 1808 2466 Ὠβή-

121 2481 222 2533 δου
258 2477 318 2532 δὲ
351 2483 558 2548 γίνεται
585 2479 860 2551 Ἰεσσαῖος,
900 2484 1099 2535 τούτου
1134 2485 1383 2552 Δαυίδης
1417 2485 1444 2537 ὁ
1478 2486 1808 2552 βασιλεύσας

119 2567 211 2620 καὶ
265 2567 421 2620 παισὶ
474 2578 587 2631 τοῖς
641 2570 813 2623 αὑτοῦ
862 2572 1172 2623 καταλιπὼν
1223 2572 1323 2639 τὴν
1371 2572 1669 2641 ἡγεμονίαν
1719 2573 1806 2627 ἐπὶ

120 2659 251 2725 μιάν
289 2655 380 2708 καὶ
419 2663 591 2710 εἴκοσι
631 2659 821 2725 γενεὰς
860 2657 1097 2727 ἀνδρῶν.

51 2758 97 2790 30
230 2745 411 2813 <337>
450 2746 514 2798 τὰ
547 2743 646 2815 μὲν
681 2742 782 2799 οὗν
822 2748 955 2798 κατὰ
987 2745 1224 2816 Ῥούθην
1265 2746 1572 2816 ἀναγκαίως
1614 2751 1805 2819 διηγη-

239 2850 263 2899 ξ
297 2851 380 2890 332
410 2868 462 2883 =
488 2846 627 2890 Ruth.
662 2847 725 2889 HI
762 2852 828 2891 16.
