1975 3111
849 103 1060 145 ΠΡΩΤΗ
1728 103 1759 154 3
1774 103 1794 154 1

111 259 236 307 μον,
274 239 546 308 Ναχώρης
577 235 637 290 δὲ
665 238 886 307 Θάρρον
910 239 1159 291 εἰκοστὸν
1192 237 1353 300 αὐτὸς
1384 236 1474 290 καὶ
1507 235 1799 290 ἑκατοστὸν

111 330 227 390 ἔτος
281 329 386 395 ἤδη
442 328 682 394 γεγονὼς
738 324 1010 394 ἐγέννησε.
1089 328 1354 398 Σερούγῳ
1412 323 1471 378 δὲ
1526 327 1799 395 Ναχώρης

110 418 341 468 τίκτεται
393 413 516 483 περὶ
569 417 686 477 ἔτος
733 416 993 483 δεύτερον
1040 413 1129 467 καὶ
1178 417 1501 482 τριακοστὸν
1547 413 1637 466 καὶ
1679 412 1797 465 ἑκα-

109 505 319 556 τοστόν.
389 501 647 570 Ῥάγαυος
702 500 762 554 δὲ
817 507 1105 571 Σεροῦγον
1161 504 1317 571 ἔσχεν
1366 504 1455 570 ἔτη
1508 503 1799 572 τριάκοντα

65 607 85 639 5
110 591 351 659 γεγονὼς
381 593 517 660 πρὸς
548 601 660 654 τοῖς
687 589 893 644 ἑκατόν.
973 591 1032 644 ἐν
1066 588 1124 643 δὲ
1159 600 1280 653 τοῖς
1303 591 1488 653 αὐτοῖς
1528 593 1668 643 ἔτεσι
1709 588 1798 642 καὶ

101 678 365 748 Ῥάγαυον
415 681 660 742 Φάλεκος
715 683 887 749 ἔσχεν.
964 681 1143 746 <150>
1178 678 1405 748 ’Έβερος
1457 676 1515 731 δὲ
1564 679 1798 750 τετάρτῳ

108 767 197 820 καὶ
237 777 536 839 τριακοστῷ
577 771 712 838 πρὸς
752 778 864 830 τοῖς
905 766 1097 822 ἑκατὸν
1138 777 1307 839 γεννᾷ
1351 769 1624 838 Φάλεκον,
1677 788 1799 836 γεν-

108 855 300 925 νηθεὶς
349 858 512 920 αὐτὸς
557 858 664 910 ὑπὸ
705 859 862 909 Σάλα
910 859 1234 925 τριακοστὸν
1283 859 1400 919 ε’τος
1451 860 1670 926 ἔχοντος
1708 855 1799 909 καὶ

110 943 427 1014 ἑκατοστόν,
467 945 532 998 ὃν
567 943 907 1014 Ἀρφαξάδης
947 943 1208 998 ἐτέκνωσε
1250 946 1384 997 κατὰ
1425 943 1669 1013 πέμπτον
1708 942 1798 996 καὶ

44 1053 85 1084 10
109 1036 433 1102 τριακοστὸν
472 1041 565 1102 τῆς
603 1034 815 1102 ἡλικίας
855 1036 971 1096 ε”τος
1010 1036 1144 1101 πρὸς
1185 1043 1297 1096 τοϊς
1338 1032 1544 1086 ἑκατόν.
1601 1035 1797 1101 Σήμου

110 1119 169 1175 δὲ
201 1124 321 1185 υίὸς
354 1120 694 1192 Ἀρφαξάδης
725 1119 813 1190 ἧν,
853 1119 965 1190 μετ’
1006 1124 1094 1190 ἔτη
1131 1123 1343 1174 δώδεκα
1376 1129 1468 1189 τῆς
1503 1121 1799 1191 ἐπομβρίας

109 1214 418 1280 γενόμενος.
481 1209 757 1281 ’Ἅβραμος
798 1208 846 1262 δ’
893 1207 1037 1280 εἶχεν
1077 1210 1352 1279 ἀδελφοὺς
1391 1212 1669 1279 Ναχώρην
1709 1209 1799 1262 καὶ

103 1297 353 1369 Ἀράνην.
433 1300 612 1367 (151)
647 1300 857 1352 τούτων
892 1296 1123 1366 Ἀράνης
1163 1296 1281 1366 μέν,
1321 1299 1634 1350 καταλιπὼν
1672 1299 1798 1351 υἱὸν

110 1392 307 1441 Λῶτον
354 1387 444 1441 καὶ
483 1388 712 1458 Σάρραν
758 1386 848 1439 καὶ
886 1388 1118 1456 Μελχὰν
1157 1385 1498 1455 θυγατέρας,
1555 1387 1614 1439 ἐν
1657 1390 1799 1439 Χαλ-

44 1495 85 1526 15
109 1478 287 1539 δαιόις
337 1476 646 1544 ἀπέθανεν,
699 1475 758 1528 ἐν
806 1479 961 1528 πόλει
1006 1476 1158 1544 Οὐρῆ
1200 1475 1464 1546 λεγομένη
1506 1486 1614 1528 τῶν
1657 1479 1798 1528 Χαλ-

110 1567 303 1634 δαίων,
340 1564 431 1618 καὶ
470 1565 640 1634 τάφος
672 1565 841 1617 αὐτοῦ
882 1563 1036 1634 μέχρι
1075 1573 1180 1618 νῦν
1222 1566 1521 1617 δείκνυται·
1563 1573 1799 1633 γαμοῦσι

110 1651 170 1706 δὲ
220 1655 314 1717 τὰς
365 1654 665 1723 ἀδελφιδᾶς
711 1654 942 1722 Μελχὰν
999 1650 1098 1721 μὲν
1147 1655 1418 1723 Ναχώρης
1466 1653 1696 1722 Σάρραν
1738 1650 1798 1704 δὲ

95 1741 386 1812 ’Ἀβραμος
464 1743 644 1811 <152>
679 1743 900 1811 Θάρρου
935 1739 994 1794 δὲ
1028 1746 1357 1810 μισήσαντος
1389 1744 1488 1811 τὴν
1516 1743 1800 1794 Χαλδαίαν

110 1833 200 1884 διὰ
241 1834 300 1885 τὸ
337 1829 571 1900 Ἀράνου
603 1828 828 1898 πένθος,
870 1834 1262 1899 μετοικίζονται
1302 1831 1498 1893 πάντες
1537 1832 1613 1892 εἰς
1656 1834 1798 1899 Χαρ-

42 1938 85 1969 20
109 1920 213 1989 ρὰν
244 1927 337 1987 τῆς
360 1922 807 1987 ΛΜεσοποταμίας·
850 1919 988 1971 ὅπου
1022 1917 1111 1970 καὶ
1150 1919 1371 1987 Θάρρον
1402 1922 1799 1987 τελευτήσαντα

106 2009 446 2076 θάπτουσιν,
498 2010 587 2076 ἔτη
640 2009 916 2077 βιώσαντα
963 2006 1120 2060 πέντε
1162 2007 1252 2060 καὶ
1294 2009 1560 2060 διακόσια.
1640 2021 1797 2060 συνε-

107 2094 328 2165 τέμνετο
380 2097 483 2165 γὰρ
535 2098 639 2164 ἤδη
692 2105 804 2158 τοῖς
845 2095 1164 2165 ἀνθρώποις
1203 2093 1316 2147 κατ’
1372 2095 1562 2163 ὀλίγον
1602 2098 1661 2149 τὸ
1706 2099 1798 2163 ζῆν

106 2183 197 2237 καὶ
236 2185 573 2254 βραχύτερον
615 2183 842 2251 ἐγίνετο,
882 2182 1038 2253 μέχρι
1079 2192 1171 2252 τῆς
1203 2182 1476 2245 ΝΙωυσέος
1515 2183 1797 2252 γενέσεως,

108 2270 232 2340 μεθ’
280 2273 345 2326 ὃν
386 2273 513 2341 ὅρος
552 2269 621 2340 ἦν
653 2281 751 2325 τοῦ
787 2275 880 2341 ζῆν
922 2271 1114 2325 ἑκατὸν
1156 2275 1244 2340 ε”τη
1278 2275 1412 2342 πρὸς
1452 2282 1565 2334 τοϊς
1605 2278 1798 2339 εἴκοσι,

42 2377 83 2408 25
107 2359 336 2414 τοσαῦθ’
384 2362 671 2430 ὁρίσαντος
702 2369 801 2413 τοῦ
840 2366 1005 2428 θεοῦ,
1047 2361 1147 2413 ὅσα
1180 2359 1269 2413 καὶ
1297 2363 1551 2428 ,Μωυσῆν
1592 2359 1796 2428 συνέβη

108 2452 318 2517 βιῶναι.
397 2449 576 2516 <153>
610 2450 851 2518 Ναχώρῃ
885 2446 985 2517 μὲν
1027 2445 1129 2502 οὖν
1171 2449 1228 2502 ἐκ
1269 2457 1361 2517 τῆς
1391 2451 1617 2517 [Μελχᾶς
1657 2448 1796 2500 ὀκτὼ

107 2539 296 2599 παῖδες
337 2534 618 2605 ἐγένοντο,
661 2533 863 2604 Οὖξος,
909 2537 1181 2605 Βάουξος,
1223 2538 1576 2605 Καμούηλος,
1626 2537 1797 2599 Χάζα-

109 2624 480 2694 δος,”Αζαυος,
508 2626 740 2691 Φελδᾶς,
775 2622 1076 2694 Ἰελδάφας,
1102 2626 1444 2693 Βαθούηλος.
1509 2621 1661 2677 οὗτοι
1696 2622 1797 2693 μὲν

107 2715 385 2784 Ναχώρου
417 2714 607 2775 παῖδες
638 2715 876 2780 γνήσιοι·
926 2716 1159 2781 Ταβαῖος
1190 2715 1293 2783 γὰρ
1335 2711 1424 2765 καὶ
1449 2713 1668 2781 Γάαμος
1706 2711 1798 2765 καὶ

41 2817 85 2848 30
116 2802 327 2870 Τάβαος
374 2800 464 2854 καὶ
512 2802 712 2871 ,Μάχας
759 2800 818 2853 ἐκ
857 2799 1085 2870 Ῥουμᾶς
1131 2806 1408 2869 παλλακῆς
1456 2802 1600 2873 αὐτῷ
1642 2803 1797 2870 γεγό-

227 2907 250 2956 ξ
287 2907 369 2946 149
397 2924 451 2938 =
477 2901 586 2946 Gen.
622 2902 685 2944 XI
718 2907 789 2946 26.
913 2907 936 2954 ξ
973 2907 1053 2946 153
1083 2924 1137 2938 =
1164 2903 1274 2946 Gen.
1308 2902 1435 2945 XXII
1468 2907 1536 2946 20.
