2052 3141
888 102 1069 142 TPITH
1717 96 1822 148 183

141 238 246 290 τὼν
298 222 451 306 μέν,
487 233 660 307 ἑαυτῷ
719 232 779 287 δὲ
835 235 1102 297 συνειδὼς
1147 231 1237 285 καὶ
1291 229 1484 301 μηδέν’
1540 233 1679 301 ἔχων
1726 233 1822 284 τὸν

143 324 503 396 ἐξελέγχοντα,
542 326 700 394 κριὸν
739 324 887 390 θύει,
926 331 1025 375 τοῦ
1064 324 1240 390 νόμου
1279 328 1439 374 τοῦτο
1480 321 1822 381 κελεύοντος·

141 409 209 466 οὗ
243 415 306 466 τὰ
345 412 476 482 κρέα
515 413 650 465 κατὰ
680 413 741 465 τὸ
778 412 927 480 ἱερὸν
968 411 1169 478 ὁμοίως
1209 407 1265 462 οἰ
1303 410 1463 478 ἱερεῖς
1502 409 1823 477 αὐθημερὸν

141 510 431 554 σιτοῦνται.
509 501 567 553 οὗ
610 498 657 552 δ’
706 501 966 568 ἄρχοντες
1014 495 1099 566 ἐφ’
1147 490 1229 558 οἷς
1267 496 1584 566 ἡμάρτανον
1626 495 1825 549 ἐκθυό-

94 602 114 633 5
140 608 295 656 μενοι
331 590 498 642 ταύτὰ
531 585 630 657 μὲν
663 590 945 656 κομίζουσι
984 595 1097 647 τοῖς
1137 586 1396 652 ἰδιώταις,
1438 585 1824 637 διαλλάττουσι

140 674 200 729 δὲ
238 685 312 749 τῷ
353 677 650 747 προσάγειν
696 677 918 744 θύματα
967 682 1172 742 ταῦρον
1211 671 1301 725 καὶ
1342 675 1535 742 ἔριφον
1575 674 1822 742 ἄρρενας.

248 767 425 833 <233>
462 768 632 833 νόμος
665 761 724 816 δὲ
756 774 872 826 ταῖς
913 764 1212 823 ἰδιωτικαῖς
1250 758 1339 812 καὶ
1379 770 1495 822 ταῖς
1535 763 1823 829 δημοσίαις
1854 775 1883 812 4

135 857 359 915 θυσίαις
404 852 494 906 καὶ
541 855 777 920 ἄλευρον
826 849 1184 919 ἐπιφέρεσθαι
1229 850 1654 917 καθαρώτατον,
1695 847 1823 918 ἀρνὶ

136 939 236 1010 μὲν
287 941 607 1011 ἀσσάρωνος
665 938 897 1009 μέτρον,
953 946 1087 1010 κριῷ
1150 935 1210 990 δὲ
1274 939 1467 1005 δυοῖν,
1522 939 1704 1010 ταύρῳ
1762 935 1823 990 δὲ

69 1042 111 1073 10
135 1039 316 1099 τριῶν.
378 1038 539 1083 τοῦτο
580 1031 975 1096 καθαγίζουσιν
1029 1025 1115 1079 ἐπὶ
1154 1034 1227 1096 τῷ
1269 1029 1434 1096 βωμῷ
1476 1024 1824 1094 μεμαγμένον

136 1118 314 1190 ἐλαίῳ.
378 1119 556 1186 <234>
604 1120 873 1186 κομίζεται
922 1117 1025 1184 γὰρ
1075 1116 1141 1183 δὴ
1189 1113 1279 1166 καὶ
1329 1116 1514 1166 ἔλαιον
1564 1114 1672 1167 ὑπὸ
1713 1124 1823 1168 τῶν

134 1209 479 1274 τεθυκότων,
520 1205 606 1259 ἐπὶ
647 1203 746 1274 μὲν
787 1207 880 1274 βοὶ·
917 1206 1061 1265 εἰνὸς
1100 1204 1288 1271 ἥμισυ,
1329 1201 1416 1254 ἐπὶ
1458 1199 1518 1254 δὲ
1557 1210 1692 1273 κριῷ
1734 1201 1825 1271 με’-

135 1314 230 1363 ρος
269 1296 465 1347 τούτου
504 1297 690 1364 τρίτον
728 1302 827 1347 τοῦ
868 1291 1094 1362 μέτρου,
1145 1290 1236 1343 καὶ
1275 1290 1497 1359 τετάρτη
1541 1289 1695 1360 μερὶς
1735 1289 1816 1343 ἐπ’

135 1382 276 1452 ἀρνί.
342 1383 370 1436 ὁ
412 1380 472 1435 δὲ
520 1385 602 1435 εἳν
642 1380 840 1451 μέτρον
881 1381 1110 1451 ἀρχαῖον
1141 1379 1438 1449 Ἑβραίων,
1492 1381 1721 1432 δύναται
1763 1377 1823 1432 δὲ

69 1483 110 1514 15
136 1473 237 1524 δύο
278 1473 408 1540 χόας
441 1468 728 1532 Ἀττικούς.
802 1472 862 1522 τὸ
904 1467 952 1521 δ’
1001 1469 1134 1521 αὐτὸ
1175 1466 1375 1537 μέτρον
1414 1475 1488 1539 τῷ
1530 1467 1692 1540 ἐλαίῳ
1733 1467 1824 1521 καὶ

136 1565 293 1613 οἴνου
317 1568 567 1628 παρῆγον
578 1576 596 1607 ·,
624 1558 924 1611 σπένδουσι
950 1555 1010 1610 δὲ
1035 1555 1158 1625 περὶ
1183 1559 1279 1609 τὸν
1312 1558 1502 1625 βωμὸν
1527 1558 1623 1609 τὸν
1650 1552 1822 1610 οἶνον.

136 1649 317 1715 <235>
358 1650 409 1700 εἰ
454 1646 518 1700 δέ
560 1668 641 1709 τις
685 1651 892 1700 θυσίαν
940 1646 1041 1699 οὐκ
1092 1634 1353 1698 ἐπιτελῶν
1395 1645 1656 1713 ἐπήνεγκε
1697 1642 1814 1697 κατ’

134 1737 302 1805 εὐχὴν
350 1737 662 1804 σεμίδαλιν,
710 1737 907 1803 ταύτης
954 1733 1203 1803 ἀπαρχὴν
1255 1737 1386 1802 μίαν
1428 1734 1707 1802 ἐπιβάλλει
1746 1741 1820 1805 τῷ

135 1828 300 1896 βωμῷ
350 1825 545 1894 δράκα·
602 1825 702 1892 τὴν
756 1821 815 1875 δὲ
871 1824 1069 1891 λοιπὴν
1117 1822 1175 1875 οἱ
1219 1822 1380 1889 ἱερεῖς
1425 1823 1562 1889 πρὸς
1612 1823 1825 1890 τροφὴν

66 1923 110 1954 20
135 1912 540 1981 λαμβάνουσιν,
586 1912 619 1980 ἢ
661 1910 963 1980 ἑψηθεῖσαν
1006 1910 1194 1983 (ἐλαίῳ
1234 1910 1337 1979 γὰρ
1380 1907 1822 1979 συμπεφύραται)

134 2000 167 2068 ἢ
208 1998 522 2069 γενομένων
570 2002 766 2069 ἄρτων.
847 1997 1030 2069 ἱερέως
1079 1996 1139 2051 δὲ
1185 2001 1513 2066 κομίσαντος
1563 1995 1653 2049 καὶ
1693 1997 1823 2051 ὁπο-

134 2096 342 2141 σονοῦν
397 2088 735 2141 ὁλοκαυτοῦν
791 2087 1108 2154 ἀναγκαῖον.
1203 2085 1383 2152 (236)
1442 2086 1641 2138 κωλύει
1695 2084 1742 2138 δ’
1793 2087 1821 2140 ὁ

132 2179 302 2244 νόμος
332 2178 497 2229 θύειν
532 2180 670 2249 ζῷον
703 2176 1081 2245 αὐθημερινὸν
1121 2174 1253 2243 μετὰ
1292 2181 1391 2226 τοῦ
1431 2176 1823 2242 γεγεννηκότος

135 2262 223 2316 ἐπὶ
261 2263 444 2331 ταύτό,
485 2261 604 2317 οὐδ’
645 2266 822 2326 ἄλλως
863 2261 922 2315 δὲ
961 2261 1092 2331 πρὶν
1133 2262 1339 2330 ὀγδόην
1379 2260 1586 2330 ἡμέραν
1627 2282 1822 2330 γεννη-

66 2363 109 2395 25
134 2350 292 2404 θέντι
340 2353 601 2404 διελθεῖν.
679 2355 927 2420 γίνονται
980 2348 1028 2403 δ’
1077 2352 1236 2402 ἄλλαι
1285 2352 1482 2402 θυσίαι
1532 2347 1670 2419 ὑπὲρ
1721 2359 1820 2404 τοῦ

133 2441 228 2502 τὰς
266 2442 466 2502 νόσους
500 2441 791 2508 διαφυγεῖν
824 2440 856 2507 ἢ
888 2436 1003 2491 κατ’
1043 2440 1210 2500 ἄλλας
1242 2440 1432 2504 αἰτίας,
1472 2440 1549 2500 εἰς
1589 2438 1651 2500 ἃς
1689 2437 1821 2507 πέμ-

134 2548 274 2596 ματα
322 2530 426 2580 σὺν
483 2529 698 2597 ἱερείοις
753 2527 1121 2580 ἀναλίσκεται·
1180 2522 1256 2578 ὧν
1304 2528 1382 2587 εἰς
1435 2527 1535 2594 τὴν
1586 2525 1822 2595 ὑστέραν

134 2613 302 2668 οὐδὲν
335 2616 623 2669 ὑπολιπεῖν
656 2614 767 2668 ἐστὶ
801 2618 1056 2684 νόμιμον,
1095 2624 1205 2667 τῶν
1241 2612 1430 2683 ἱερέων
1471 2612 1634 2683 μέρος
1675 2616 1822 2668 ι’·’διον

135 2707 435 2772 λαβόντων.

67 2803 110 2834 30
246 2792 425 2859 <237>
460 2791 518 2843 ἐκ
550 2788 610 2843 δὲ
642 2800 740 2844 τοῦ
774 2792 1042 2859 δημοσίου
1076 2790 1431 2857 ἀναλώματος
1461 2791 1630 2858 νόμος
1670 2789 1818 2843 ἐστὶν
1840 2791 1910 2843 10

254 2896 277 2944 ξ
310 2897 394 2936 233
423 2913 476 2928 =
502 2891 638 2935 Num.
672 2891 756 2935 XV
788 2899 826 2935 4.
952 2896 974 2944 g
1009 2896 1092 2935 236
1120 2912 1176 2926 =
1199 2889 1345 2933 Levib.
1378 2889 1510 2932 XXII
1541 2895 1618 2943 263
1658 2890 1700 2933 Π
1731 2895 1777 2935 4.
