1975 3111
122 53 158 103 4
736 51 1189 93 ΑΡΧΑΙΟΛΟΓΙΑΣ

123 186 470 255 γραμμάτων.
563 185 668 252 <6>
721 186 825 252 ἤδη
890 182 990 253 μὲν
1053 180 1154 238 οὖν
1216 183 1307 238 καὶ
1367 187 1633 253 πρότερον
1697 186 1805 236 διε-

125 276 365 343 νοήθην,
415 274 501 326 ὅτε
542 275 637 326 τὸν
676 276 917 340 πόλεμον
958 271 1334 342 συνέγραφον,
1382 275 1622 341 δηλῶσαι
1662 276 1805 334 τίνες

125 364 276 424 ὄντες
324 361 376 425 ἐξ
427 360 593 430 ἀρχῆς
633 358 893 413 Ἰουδαῖοι
939 359 1030 412 καὶ
1068 364 1177 412 τίσι
1227 361 1561 430 χρησάμενοι
1601 361 1804 429 τύχαις,

121 447 217 518 ὑφ’
265 451 362 521 οἴῳ
403 469 458 501 τε
498 447 891 511 παιδευθέντες
928 447 1204 518 νομοθέτῃ
1244 450 1308 500 τὰ
1346 452 1483 517 πρὸς
1521 447 1805 516 εὐσέβειαν

121 537 213 589 καὶ
264 538 363 605 τὴν
415 538 588 605 ἄλλην
636 538 867 605 ἄσκησιν
920 536 1139 604 ἀρετῆς,
1186 539 1392 598 πόσους
1439 556 1493 588 τε
1533 535 1845 604 πολέμους.-

122 625 182 677 έν
224 635 451 693 μακροῖς
490 628 894 694 πολεμήσαντες
943 628 1196 694 χρόνοις,
1244 626 1320 686 εἰς
1359 626 1454 676 τὸν
1494 629 1806 677 τελευταῖον

123 714 346 774 ἄκοντες
377 715 512 781 πρὸς
536 711 834 781 Ῥωμαίους
859 711 1206 780 κατέστησαν.
1263 713 1369 779 <7>
1397 710 1515 764 ἀλλ’
1548 711 1659 764 ἐπεὶ
1695 716 1806 780 μεί-

123 803 228 864 ζων
267 797 337 868 ἧν
376 801 408 867 ἡ
442 801 602 852 τοῦδε
636 808 735 853 τοῦ
768 803 937 867 λόγου
977 802 1258 868 περιβολή,
1297 797 1417 852 καθ’
1464 800 1632 853 αὑτὸν
1674 799 1807 852 ἐκεῖ-

120 909 222 941 νον
255 891 492 958 χωρίσας
524 897 639 950 ταῖς
672 889 837 950 ἰδίαις
869 888 1058 957 ἀρχαῖς
1090 889 1259 941 αὐτοῦ
1291 887 1381 940 καὶ
1415 896 1486 958 τῷ
1528 887 1665 940 τέλει
1707 890 1807 956 τὴν

121 978 341 1046 γραφὴν
376 974 763 1045 συνεμέτρησα.
830 979 1034 1045 χρόνου
1061 974 1120 1029 δὲ
1145 980 1453 1045 προϊόντος,
1494 977 1626 1043 ὅπερ
1659 982 1810 1045 φιλεῖ

121 1073 235 1127 τοῖς
275 1065 528 1132 μεγάλων
575 1066 844 1117 ἅπτεσθαι
886 1064 1328 1133 διανοουμένοις,
1379 1068 1539 1128 ὄκνος
1586 1086 1677 1133 μοι
1718 1065 1807 1117 καὶ

122 1151 379 1221 μέλλησις
420 1153 629 1220 ἐγίνετο
669 1154 999 1221 τηλικαύτην
1039 1163 1380 1221 μετενεγκεῖν
1420 1155 1691 1208 ὑπόθεσιν
1732 1156 1808 1216 είς

122 1241 443 1309 ἀλλοδαπὴν
481 1241 613 1309 ἡμῖν
652 1240 742 1293 καὶ
784 1239 939 1310 ξένης
980 1241 1266 1295 διαλέκτου
1308 1246 1629 1310 συνήθειαν.
1700 1243 1806 1309 <8>

120 1326 262 1396 ἦσαν
315 1327 379 1381 δέ
427 1349 570 1391 τινες
619 1333 675 1382 οἳ
722 1333 882 1401 πόθῳ
935 1338 1026 1397 τῆς
1079 1331 1319 1396 ἱστορίας
1374 1328 1457 1382 ἐπ’
1517 1332 1687 1397 αὐτήν
1743 1350 1806 1397 με

119 1419 486 1486 προύτρεπον,
512 1416 602 1469 καὶ
626 1418 860 1485 μάλιστα
888 1419 954 1485 δὴ
981 1418 1202 1470 πάντων
1231 1416 1642 1486 Ἐπαφρόδιτος.
1667 1418 1806 1486 ἀνὴρ
1856 1434 1873 1464 5

121 1508 338 1558 ἅπασαν
379 1503 479 1574 μὲν
514 1504 666 1557 ι’δέαν
699 1507 947 1567 παιδείας
987 1507 1293 1573 ἠγαπηκώς,
1335 1508 1706 1575 διαφερόντως
1747 1503 1806 1558 δὲ

121 1598 329 1663 χαίρων
381 1593 681 1662 ἐμπειρίαις
732 1595 1095 1662 πραγμάτων,
1147 1596 1236 1646 ἅτε
1286 1596 1353 1662 δὴ
1402 1595 1655 1662 μεγάλοις
1707 1593 1806 1663 μὲν

121 1683 284 1743 αὐτὸς
325 1683 587 1750 ὁμιλήσας
626 1684 905 1750 πράγμασι
956 1681 1044 1734 καὶ
1087 1684 1270 1751 τύχαις
1309 1686 1699 1750 πολυτρόποις,
1748 1683 1806 1735 ἐν

121 1771 288 1822 ἅπασι
331 1767 389 1821 δὲ
430 1772 757 1838 θαυμαστὴν
806 1770 1212 1838 ἐπιδειξάμενος
1263 1772 1480 1837 φύσεως
1520 1773 1678 1839 ἰσχὺν
1719 1770 1801 1822 καὶ

119 1861 441 1927 προαίρεσιν
494 1858 686 1926 ἀρετῆς
733 1859 1141 1927 ἀμετακίνητον.
1223 1860 1328 1925 <9>
1370 1860 1542 1930 τούτῳ
1585 1860 1649 1925 δὴ
1693 1878 1804 1910 πει-
1832 1875 1849 1903 2

119 1950 360 2015 θόμενος
413 1948 484 2009 ὡς
536 1945 619 1998 ἀεὶ
670 1956 783 2008 τοῖς
835 1950 1101 2016 χρήσιμον
1155 1948 1181 2014 ἢ
1231 1950 1399 1998 καλόν
1451 1967 1494 1997 τι
1550 1948 1804 2012 πράττειν

121 2034 450 2103 δυναμένοις
476 2039 997 2102 συμφιλοκαλοῦντι,
1037 2034 1125 2086 καὶ
1152 2035 1386 2102 ἐμαυτὸν
1412 2036 1805 2103 αι’σχωνόμενος

119 2126 170 2176 εἰ
210 2124 426 2191 δόξαιμι
461 2123 707 2193 ῥαθυμίᾳ
746 2122 914 2175 πλέον
952 2124 978 2191 ἢ
1013 2131 1084 2194 τῷ
1126 2122 1245 2189 περὶ
1289 2125 1352 2174 τα
1392 2123 1650 2174 κάλλιστα
1690 2127 1803 2192 χαί-

120 2231 238 2279 ρειν
296 2213 482 2281 πόνῳ,
537 2214 958 2278 προθυμότερον
1010 2211 1402 2278 ἐπερρώσθην,
1458 2213 1529 2262 ἔτι
1585 2211 1802 2264 κακεῖνο

120 2302 254 2366 πρὸς
302 2309 415 2360 τοῖς
461 2297 766 2366 εἰρημένοις
815 2300 1171 2367 λογισάμενος
1217 2299 1283 2351 οὐ
1325 2297 1630 2365 παρέργως.
1682 2305 1809 2366 περί

120 2407 173 2438 τε
218 2397 326 2438 τῶν
362 2385 635 2454 ἡμετέρων
667 2390 978 2453 προγόνων.
1020 2389 1070 2438 εί
1099 2388 1451 2454 μεταδιδόναι.
1486 2398 1594 2439 τῶν
1628 2390 1804 2441 τοιού-

121 2495 229 2526 των
275 2477 511 2542 ἤθελον,
559 2473 648 2526 καὶ
688 2474 811 2542 περὶ
862 2485 969 2527 τῶν
1001 2474 1307 2542 (Ελλήνων,
1356 2481 1410 2527 εἴ
1444 2495 1584 2537 τινες
1624 2477 1804 2528 αὐτῶν

34 2579 95 2629 (3)
129 2573 336 2630 γνῶναι
377 2565 439 2615 τὰ
471 2561 597 2630 παρ’
637 2564 766 2631 ἡμῖν
802 2563 1162 2615 ἐσπούδασαν.
1228 2564 1370 2629 <ῙΗ>
1411 2560 1576 2629 εὗρον
1617 2567 1804 2615 τοίνυν

123 2651 204 2702 ὅτι
248 2654 608 2719 Πτολεμαίων
649 2649 748 2719 μὲν
791 2652 818 2703 ὁ
861 2653 1130 2717 δεύτερος.
1171 2653 1400 2718 μάλιστα
1442 2654 1508 2719 δὴ
1549 2655 1804 2719 βασιλεὺς

123 2738 245 2806 περὶ
279 2741 530 2791 παιδείαν
557 2739 645 2791 καὶ
670 2743 900 2807 βιβλίων
935 2742 1261 2807 συναγωγὴν
1295 2740 1625 2801 σπουδάσας.
1666 2739 1801 2801 ε’ξαι-

124 2826 289 2894 ρέτως
337 2827 699 2895 ἐφιλοτιμήθη
749 2830 844 2879 τὸν
896 2825 1153 2895 ἡμέτερον
1206 2831 1375 2895 νόμον
1416 2825 1498 2878 καὶ
1545 2828 1642 2893 τὴν
1684 2825 1795 2879 κατ’

1833 994 1874 1024 10

1831 2314 1871 2343 :35

1828 2754 1870 2784 30
