2052 3141
850 45 1115 85 ΠΕΜΠΤΗ
1717 38 1822 89 327

140 180 382 233 λάττετο’
422 178 512 232 καὶ
545 181 648 248 γὰρ
682 180 786 247 ἤδη
819 182 995 238 καλῶς
1027 178 1090 228 τὰ
1123 171 1237 227 κατ’
1270 174 1442 242 αὐτὴν
1482 172 1825 225 ἐπυνθάνετο

138 277 352 338 χωρεῖν.
431 268 611 336 <321>
646 267 746 320 οὐκ
780 263 1110 336 ἐκαρτέρουν
1145 261 1204 315 δὲ
1238 263 1692 331 διαζευγνύμεναι
1732 261 1827 313 αὐ-

138 365 232 425 τῆς
278 357 339 408 αἱ
379 357 618 425 νύμφαι,
667 352 796 408 οὐδὲ
843 350 1249 423 παραιτουμένη
1307 348 1647 418 βουλομένας
1698 363 1827 402 συν-

140 444 376 514 εξορμᾶν
422 447 641 497 πείθειν
689 443 953 511 ἐδύνατο,
1005 438 1122 493 ἀλλ’
1182 437 1511 507 ἐγκειμένων
1560 436 1827 506 εὐξαμένη

96 550 115 582 5
141 534 318 602 γάμον
373 531 763 602 εὐτυχέστερον
819 532 1006 593 αὐταῖς
1061 526 1127 582 οὗ
1185 530 1622 597 διημαρτήκεσαν
1673 524 1828 578 παισὶ

141 630 253 684 τοῖς
285 622 451 689 αὐτῆς
482 626 834 689 γαμηθεῖσαι,
873 617 962 671 καὶ
995 627 1104 670 τῶν
1138 619 1321 669 ἄλλων
1354 615 1585 684 ἀγαθῶν
1618 621 1830 682 κτῆσιν,

141 709 223 761 ὅτι
263 729 318 762 τε
358 711 424 761 τὰ
470 711 605 777 πρὸς
652 708 822 777 αὐτὴν
864 708 1037 769 οὕτως
1077 706 1219 777 ἐστί,
1284 705 1464 772 <322>
1506 701 1693 772 μένειν
1734 703 1830 754 αὐ-

139 800 267 850 τόθι
306 798 624 867 παρεκάλει,
670 796 761 850 καὶ
808 798 880 865 μὴ
935 794 1481 864 συμμεταλαμβάνειν
1523 793 1657 860 αὐτῇ
1700 792 1829 859 βού-

141 889 337 938 λεσθαι
387 886 720 955 πραγμάτων
767 885 989 952 ἀδήλων
1038 885 1137 951 τὴν
1183 883 1413 951 πάτριον
1461 888 1564 948 γῆν
1616 884 1831 932 καταλι-

76 991 117 1022 10
141 975 363 1036 πούσας.
439 973 473 1040 ἡ
522 970 622 1041 μὲν
678 969 780 1025 οὖν
830 970 1001 1040 Ὀρφᾶ
1050 969 1200 1038 μένει
1250 975 1566 1035 πεισθεῖσα,
1621 970 1722 1036 τὴν
1771 964 1831 1019 δὲ

133 1059 372 1130 Ῥούθην
411 1062 483 1129 μὴ
516 1066 842 1113 πεισθεῖσαν
877 1059 1139 1127 ἀπήγαγε,
1180 1060 1453 1111 κοινωνὸν
1492 1058 1694 1117 παντὸς
1733 1063 1833 1108 τοῦ

142 1153 548 1220 προστυχόντος
586 1147 977 1217 γενησομένην.

254 1239 435 1307 <323>
468 1237 747 1291 ἐλθοῦσαν
782 1233 841 1288 δὲ
873 1234 1110 1303 Ῥούθην
1144 1236 1275 1303 μετὰ
1308 1243 1402 1303 τῆς
1440 1239 1715 1303 πενθερᾶς·
1756 1234 1832 1294 είς

142 1327 242 1395 τὴν
281 1324 620 1396 Βηθλεέμων
660 1328 883 1393 Βόαζος,
917 1322 1261 1393 Έλιμελέχου
1303 1324 1571 1391 συγγενὴς
1611 1323 1707 1389 ὤν,
1748 1319 1833 1373 δέ-

74 1431 114 1464 15
139 1435 288 1485 χεται
328 1416 490 1486 ξενία.
568 1412 658 1467 καὶ
704 1414 737 1481 ἡ
786 1415 1031 1482 Νααμίς,
1078 1414 1610 1481 προσαγορευόντων
1663 1408 1834 1476 αὐτὴν

140 1503 420 1572 ὀνομαστί,
462 1502 858 1572 (δικαιότερον’
900 1498 1015 1554 εἶπε
1058 1501 1292 1570 ςΜάραν
1324 1499 1393 1552 ἂν
1425 1497 1681 1567 καλοιήτέ
1717 1490 1832 1565 με·’

143 1596 395 1661 σημαίνει
436 1589 653 1644 δὲκαθ’
694 1589 966 1660 Ἑβραίων
999 1594 1244 1657 γλῶτταν
1278 1585 1498 1656 Νααμὶς
1538 1584 1638 1655 μὲν
1679 1586 1835 1638 εὐτυ-

139 1684 284 1750 χίαν,
322 1681 494 1750 Μάρα
528 1677 581 1732 δ’
622 1680 846 1747 ὀδύνην.
925 1679 1106 1746 (3:24)
1140 1676 1352 1745 ἀμητοῦ
1394 1674 1444 1728 δ’
1494 1677 1654 1737 ὄντος
1693 1672 1835 1743 ἐξῄει

142 1768 563 1838 καλαμησομένη
591 1770 724 1821 κατὰ
751 1768 1099 1836 συγχώρησιν
1132 1773 1225 1833 τῆς
1256 1770 1533 1833 πενθερᾶς
1556 1764 1589 1831 ἡ
1615 1762 1836 1831 Ῥούθη,

76 1873 118 1904 20
144 1858 290 1921 ὅπως
335 1865 542 1927 τροφῆς
588 1857 912 1927 εὐποροῖεν,
965 1853 1056 1907 καὶ
1104 1856 1179 1917 είς
1226 1856 1287 1907 τὸ
1338 1853 1552 1916 Βοάζου
1601 1854 1835 1921 τυχαίως

144 1945 453 2016 ἀφικνεῖται
484 1948 702 2016 χωρίον.
764 1946 1210 2015 παραγενόμενος
1243 1938 1304 1994 δὲ
1328 1943 1536 2004 Βόαζος
1571 1936 1683 2008 μετ’
1724 1939 1836 1992 ὀλί-

144 2055 246 2102 γον
278 2032 369 2087 καὶ
399 2033 743 2102 θεασάμενος
767 2033 866 2100 τὴν
901 2034 1072 2101 κόρην
1107 2029 1360 2099 ἀνέκρινε
1393 2031 1490 2082 τὸν
1524 2027 1837 2097 ἀγροκόμον

144 2121 269 2192 περὶ
318 2131 413 2191 τῆς
458 2123 671 2184 παιδός.
736 2121 763 2174 ὃ
807 2118 866 2173 δὲ
907 2122 1103 2189 μικρὸν
1144 2121 1460 2188 ἔμπροσθεν
1500 2114 1625 2185 παρ’
1674 2115 1839 2184 αὐτῆς

147 2212 360 2263 ἅπαντα
397 2208 852 2280 προπεπυσμένος
892 2209 1093 2276 ἐδήλου
1140 2214 1213 2278 τῷ
1258 2207 1509 2276 δεσπότῃ.
1586 2204 1768 2271 <325>
1808 2204 1837 2256 ὃ

81 2311 123 2345 25
150 2296 210 2351 δὲ
260 2305 353 2366 τῆς
405 2296 529 2367 περὶ
575 2299 676 2366 τὴν
723 2298 1004 2365 πενθερὰν
1056 2296 1275 2356 εὐνοίας
1329 2295 1437 2362 ἅμα
1483 2291 1576 2345 καὶ
1624 2294 1838 2361 μνήμης

148 2394 246 2440 τοῦ
277 2387 472 2448 παιδὸς
496 2386 662 2453 αὐτῆς
687 2379 728 2456 ᾧ
756 2381 1076 2455 συνῴκησεν
1109 2383 1491 2450 ἀσπασάμενος
1513 2382 1615 2449 τὴν
1646 2383 1839 2450 κόρην,

148 2472 240 2527 καὶ
279 2472 573 2542 εὐξάμενος
619 2473 754 2542 αὐτῇ
801 2482 996 2541 πεῖραν
1038 2470 1294 2539 ἀγαθῶν,
1345 2474 1697 2538 καλαμᾶσθαι
1737 2465 1837 2537 μὲν

149 2563 321 2630 αὐτὴν
362 2562 462 2615 οὐκ
508 2559 733 2629 ἠξίωσε,
778 2562 1020 2628 θερίζειν
1071 2556 1131 2611 δὲ
1170 2566 1279 2611 πᾶν
1321 2559 1349 2611 ὅ
1390 2578 1440 2611 τι
1479 2556 1570 2610 καὶ
1611 2558 1838 2610 δύναιτο

149 2649 240 2703 καὶ
264 2650 567 2718 λαμβάνειν
593 2648 884 2719 ἐπιτρέπει,
922 2646 1226 2718 προστάξας
1249 2654 1322 2718 τῷ
1351 2646 1640 2717 ἀγροκόμῳ
1667 2642 1840 2714 μηδὲν

83 2751 126 2784 30
152 2738 324 2806 αὐτὴν
358 2738 687 2790 διακωλύειν
720 2739 946 2808 ἄριστόν
979 2756 1034 2790 τε
1066 2734 1323 2806 παρέχειν
1357 2735 1490 2804 αὐτῇ
1523 2733 1612 2787 καὶ
1651 2737 1840 2801 ποτόν,

270 2843 294 2892 ξ
328 2843 413 2882 321
441 2860 496 2875 =
521 2838 661 2882 Ruth.
695 2838 715 2880 Ι
747 2843 786 2881 8.
