2052 3141
881 102 1146 141 HEMHTH
1753 99 1820 149 27
1828 99 1861 150 5

170 235 362 304 φράζει
399 242 570 286 ταῦτα
609 235 744 302 πρὸς
783 235 880 286 τὸν
929 236 1064 287 λαὸν
1098 232 1337 301 Ἰησοῦς,
1393 234 1536 301 <43>
1576 230 1667 285 καὶ
1706 233 1861 286 καλέ-

171 338 268 386 σας
307 320 628 391 Ἐλεάζαρον
675 324 771 375 τὸν
823 321 1076 392 ἀρχιερέα
1127 320 1217 374 καὶ
1268 324 1395 384 τοὺς
1447 321 1507 374 ἐν
1547 320 1686 374 τέλει
1725 323 1860 374 κατὰ

169 412 353 480 φυλὴν
409 409 658 480 ἐκλήρου.
736 411 934 463 τούτου
990 407 1049 462 δὲ
1102 412 1161 462 τὸ
1213 408 1613 479 τετολμημένον
1662 409 1721 463 ἐκ
1768 418 1861 478 τῆς

166 497 352 552 Ἰούδα
391 502 569 567 φυλῆς
609 499 933 566 δηλοῦντος,
971 499 1106 550 κατὰ
1149 501 1418 568 φρατρίας
1455 499 1621 551 πάλιν
1662 499 1860 567 ταύτης

125 590 466 655 5προτίθησι
512 589 609 640 τὸν
661 591 883 656 κλῆρον.
960 589 1021 640 τὸ
1063 584 1123 639 δὲ
1164 583 1370 654 ἀληθὲς
1416 596 1515 640 τοῦ
1555 589 1859 656 κακουργη-

170 695 336 743 ματος
375 674 499 744 περὶ
538 676 639 743 τὴν
671 673 905 744 Ἀχάρου
956 674 1280 743 συγγένειαν
1328 676 1633 744 ηὑρίσκετο.
1713 677 1858 742 <44>

168 761 284 816 κατ’
331 765 507 832 ἄνδρα
563 760 624 815 δὲ
678 771 771 830 τῆς
829 762 1116 826 ἐξετάσεως
1171 761 1463 831 γινομένης
1514 764 1860 832 λαμβάνουσι

167 854 263 905 τὸν
301 850 556 921 ’Ἀχαρον.
635 851 663 903 ὃ
713 848 763 903 δ’
818 851 919 903 οὐκ
967 852 1107 920 ἔχων
1159 850 1383 919 ἔξαρνος
1433 847 1608 919 εἶναι,
1665 853 1860 914 δεινῶς

166 940 335 993 αὐτὸν
376 948 474 992 τοῦ
505 945 644 992 θεοῦ
678 938 1148 1008 ἐκπεριελθόντος,
1189 940 1459 1007 ὡμολόγει
1499 959 1553 992 τε
1595 941 1694 1008 τὴν
1734 945 1858 993 κλο-

103 1041 144 1072 10
168 1030 278 1096 πὴν
316 1025 408 1080 καὶ
446 1029 511 1080 τὰ
550 1029 732 1096 φώρια
771 1037 1015 1097 παρῆγεν
1048 1030 1124 1090 εἰς
1165 1026 1349 1096 μέσον.
1428 1027 1517 1080 καὶ
1559 1025 1719 1090 οὗτος
1758 1026 1858 1097 μὲν

165 1117 338 1179 εὐθὺς
370 1114 685 1185 ἀναιρεθεὶς
717 1115 776 1168 ἐν
808 1115 967 1168 νυκτὶ
1005 1124 1177 1185 ταφῆς
1216 1116 1412 1184 ἀτίμου
1452 1116 1542 1169 καὶ
1581 1118 1856 1189 καταδίκῳ

165 1206 478 1274 πρεπούσης
510 1205 784 1273 τυγχάνει,
818 1205 961 1272 <45>
983 1202 1193 1272 Ἰησοῦς
1227 1201 1275 1256 δ’
1309 1203 1536 1270 ἁγνίσας
1567 1207 1664 1258 τὸν
1699 1219 1857 1275 στρα-

166 1295 262 1346 τὸν
303 1292 491 1361 ἐξῆγεν
533 1291 619 1345 ἐπὶ
660 1294 759 1361 τὴν
786 1291 995 1345 ’Ἀνναν
1035 1293 1227 1360 αὐτός,
1267 1291 1356 1345 καὶ
1395 1294 1592 1355 νυκτὸς
1631 1295 1695 1346 τὰ
1733 1293 1857 1365 περὶ

165 1383 264 1450 τὴν
303 1384 467 1435 πόλιν
515 1379 760 1451 ἐνέδραις
807 1385 1137 1451 προλοχίσας
1183 1381 1289 1434 ὑπὸ
1331 1383 1427 1434 τὸν
1469 1382 1680 1451 ὄρθρον
1722 1397 1857 1451 συμ-

98 1483 139 1514 15
163 1470 354 1538 βάλλει
404 1480 518 1532 τοῖς
562 1473 856 1538 πολεμίοις.
934 1480 1044 1522 τῶν
1092 1467 1153 1522 δὲ
1203 1471 1334 1538 μετὰ
1381 1471 1630 1539 θράσους
1671 1471 1858 1534 αὐτοῖς

164 1560 256 1611 διὰ
307 1561 407 1627 τὴν
458 1557 728 1628 προτέραν
779 1562 940 1627 νίκην
993 1558 1290 1626 ἐπιόντων,
1337 1559 1649 1628 ὑποχωρεῖν
1689 1575 1856 1629 προσ-

164 1648 531 1716 ποιησάμενος
585 1647 728 1700 ἕλκει
782 1655 854 1719 τῷ
912 1650 1095 1719 τρόπῳ
1150 1648 1328 1719 τούτῳ
1385 1648 1599 1717 μακρὰν
1655 1648 1856 1710 αὐτοὺς

164 1744 256 1803 τῆς
292 1738 502 1798 πόλεως
516 1777 530 1803 ,
572 1736 792 1788 διώκειν
834 1734 1122 1804 οἰομένους
1160 1733 1250 1787 καὶ
1293 1736 1365 1798 ὡς
1405 1734 1491 1788 ἐπὶ
1532 1738 1656 1806 νίκῃ
1696 1757 1856 1789 κατα-

162 1833 530 1893 φρονοῦντας·
573 1825 717 1893 <46>
744 1821 906 1876 ἔπειτ’
938 1822 1282 1892 ἀναστρέψας
1314 1826 1414 1892 τὴν
1448 1825 1688 1892 δύναμιν
1721 1827 1855 1877 κατὰ

96 1926 139 1957 20
163 1915 461 1982 πρόσωπον
508 1913 692 1975 αὐτοῖς
738 1921 888 1966 ποιεῖ
898 1954 913 1980 ,
961 1912 1157 1980 σημεῖά
1204 1931 1259 1964 τε
1310 1913 1441 1974 δοὺς
1481 1912 1513 1964 ἃ
1553 1915 1689 1982 πρὸς
1727 1916 1855 1976 τοὺς

165 2000 225 2053 ἐν
256 2010 374 2063 ταῖς
404 1999 653 2070 ἐνέδραις
686 1999 1061 2068 συνετέτακτο,
1100 1999 1389 2061 κάκείνους
1424 1998 1509 2051 ἐπὶ
1542 2002 1641 2068 τὴν
1674 2002 1853 2071 μάχην

164 2089 524 2158 ἐξανίστησιν.
603 2092 660 2142 οἳ
696 2086 745 2141 δ’
792 2091 1097 2157 εἰσεπήδων
1138 2090 1215 2150 εἰς
1254 2089 1354 2156 τὴν
1395 2090 1578 2156 πόλιν,
1616 2098 1727 2142 τῶν
1768 2092 1853 2142 ἔν-

164 2179 266 2231 δον
297 2176 421 2247 περὶ
452 2188 566 2240 τοῖς
597 2181 831 2248 τείχεσιν
864 2180 1060 2245 ὄντων,
1102 2177 1267 2229 ἐνίων
1310 2174 1369 2229 δὲ
1408 2175 1499 2228 καὶ
1538 2179 1674 2246 πρὸς
1710 2181 1853 2231 θεάν

163 2275 272 2318 τῶν
327 2266 427 2329 ἔξω
482 2268 582 2334 τὴν
638 2268 865 2335 γνώμην
918 2264 1365 2336 περισπωμένων.
1456 2266 1598 2332 <47>
1655 2265 1744 2318 καὶ
1800 2271 1858 2320 οἳ

98 2366 140 2397 25
166 2351 265 2422 μὲν
304 2355 404 2422 τὴν
442 2357 606 2407 πόλιν
653 2353 829 2424 ᾕρουν
877 2353 967 2407 καὶ
1005 2355 1211 2416 πάντας
1251 2356 1379 2416 τοὺς
1420 2353 1853 2422 ἐντυγχάνοντας

165 2444 428 2510 ἔκτεινον,
461 2440 672 2510 Ἰησοῦς
712 2440 772 2494 δὲ
812 2446 939 2505 τοὺς
969 2445 1384 2511 προσελθόντας
1423 2443 1499 2503 εἰς
1537 2443 1631 2503 τὰς
1669 2452 1852 2512 χεῖρας

124 2531 494 2598 ’βιασάμενος
539 2532 766 2599 φεύγειν
813 2530 1076 2598 τρέπεται.
1156 2533 1627 2598 συνελαυνόμενοι
1679 2529 1731 2583 δ’
1779 2532 1851 2594 ὡς

163 2621 240 2681 εἰς
294 2617 550 2688 ἀκέραιον
603 2621 704 2687 τὴν
758 2622 955 2687 πόλιν,
1018 2618 1134 2671 ἐπεὶ
1188 2618 1279 2671 καὶ
1329 2620 1531 2686 ταύτην
1584 2617 1849 2688 ἐχομένην

164 2704 351 2776 ἑώρων
389 2705 480 2759 καὶ
519 2707 1041 2776 καταπιμπραμένην
1076 2709 1214 2776 ὁμοῦ
1255 2705 1471 2774 γυναιξὶ
1510 2705 1600 2758 καὶ
1639 2706 1851 2770 τέκνοις

97 2806 139 2838 30
163 2793 482 2864 κατέλαβον,
515 2797 605 2847 διὰ
637 2806 746 2849 τῶν
780 2795 965 2866 ἀγρῶν
996 2791 1137 2866 ᾖσαν
1172 2794 1584 2863 σκεδασθέντες,
1616 2795 1849 2864 ἀμύνειν

283 2900 306 2948 ξ
340 2901 396 2939 43
424 2918 478 2932 =
502 2896 589 2940 Ios.
622 2897 708 2940 VH
743 2903 809 2942 16.

1496 2969 1580 3012 18ss

1894 1218 1944 1258 15
