1975 3111
104 1707 147 1739 10

104 2149 145 2181 15

107 2590 149 2622 20

664 749 988 810 ΒΙΒΛΟΣ
1034 748 1360 808 ΠΡΩΤΗ.

281 894 386 961 <1>
429 897 555 956 Τοῖς
593 895 686 956 τὰς
728 895 967 962 ἱστορίας
1007 893 1348 961 συγγράφειν
1388 889 1749 959 βουλομένοις
1790 889 1857 943 οὐ

169 986 300 1052 μιάν
340 979 470 1035 οὐδὲ
509 983 609 1051 τὴν
649 983 821 1050 αὐτὴν
863 982 973 1051 ὁρῶ
1024 989 1118 1049 τῆς
1157 981 1399 1047 σπουδῆς
1439 977 1737 1047 γινομένην
1779 980 1859 1030 αἰ-

168 1075 310 1139 τίαν,
351 1070 488 1123 ἀλλὰ
519 1071 725 1132 πολλὰς
755 1069 846 1122 καὶ
878 1074 1135 1122 πλεῖστον
1176 1068 1431 1136 ἀλλήλων
1473 1067 1858 1135 διαφερούσας.

171 1161 275 1228 <2>
308 1156 452 1221 τινὲς
492 1156 592 1227 μὲν
626 1159 729 1228 γὰρ
764 1158 1203 1226 ἐπιδεικνύμενοι
1236 1159 1418 1224 λόγων
1452 1157 1736 1222 δεινότητα
1768 1152 1860 1205 καὶ

169 1249 269 1316 τὴν
310 1244 400 1299 ἀπ’
454 1247 620 1315 αὐτῆς
665 1248 987 1317 θηρώμενοι
1028 1246 1222 1312 δόξαν,
1270 1243 1355 1298 ἐπὶ
1403 1253 1565 1297 τοῦτο
1605 1250 1698 1310 τῆς
1736 1260 1859 1294 παι-

171 1338 319 1398 δειάς
357 1338 417 1388 τὸ
459 1335 621 1405 μέρος
660 1336 926 1405 ὁρμῶσιν·
976 1336 1134 1387 άλλοι
1183 1331 1243 1386 δε
1294 1334 1456 1416 χάριν
1497 1332 1728 1393 ἐκεινοις
1766 1329 1860 1400 φέ-

170 1444 359 1495 ροντες
403 1423 527 1493 περὶ
568 1419 645 1476 ὧν
685 1425 784 1492 τὴν
825 1423 1154 1493 ἀναγραφὴν
1195 1419 1337 1474 εἶναι
1379 1420 1715 1489 συμβέβηκε,
1763 1421 1861 1471 τὸν

170 1514 247 1575 εἰς
280 1512 452 1580 αὐτὴν
483 1514 658 1565 πόνον
683 1511 772 1564 καὶ
797 1513 942 1582 παρα
970 1513 1208 1579 δύναμιν
1240 1508 1578 1579 ὑπέστησαν·
1614 1509 1721 1577 <3>
1755 1506 1862 1559 εἰσὶ

172 1598 220 1654 δ’
269 1602 466 1662 οἵτινες
506 1599 847 1668 ἐβιάσθησαν
895 1596 985 1652 ὑπ’
1033 1599 1198 1666 αὐτῆς
1236 1606 1329 1666 τῆς
1375 1607 1484 1650 τῶν
1524 1596 1860 1667 πραγμάτων

172 1688 439 1757 ἀνάγκης,
491 1682 574 1750 οἷς
623 1687 1015 1757 πραττομένοις
1061 1686 1399 1757 παρέτυχον,
1451 1694 1620 1739 ταῦτα
1674 1692 1860 1755 γραφῇ

172 1778 416 1847 δηλούσῃ
448 1780 785 1847 περιλαβεῖν·
819 1779 1060 1838 πολλοὺς
1094 1773 1153 1827 δὲ
1186 1775 1276 1828 καὶ
1310 1778 1594 1845 χρησίμων
1627 1771 1862 1842 μέγεθος

170 1865 504 1935 πραγμάτων
557 1864 617 1918 ἐν
668 1864 865 1935 ἀγνοίᾳ
916 1862 1183 1932 κειμένων
1230 1864 1538 1934 προύτρεψε
1586 1863 1685 1929 τὴν
1737 1860 1863 1930 περὶ

170 1955 352 2007 αὐτῶν
395 1955 642 2023 ἱστορίαν
690 1955 766 2015 εἰς
809 1954 1003 2021 κοινὴν
1045 1950 1316 2020 ὠφέλειαν
1357 1951 1677 2018 ἐξενεγκεῖν.
1757 1950 1862 2016 <4>

170 2043 382 2095 τούτων
417 2043 484 2111 δὴ
518 2051 628 2094 τῶν
659 2040 1075 2111 προειρημένων
1109 2042 1298 2092 αι’τιῶν
1332 2041 1392 2092 αἱ
1419 2044 1723 2092 τελευταῖαι
1758 2038 1860 2090 δύο

171 2130 334 2199 κάμοὶ
375 2133 762 2199 συμβεβήκασι.
841 2131 938 2182 τὸν
970 2127 1071 2197 μὲν
1104 2130 1207 2199 γὰρ
1239 2130 1376 2198 πρὸς
1407 2131 1534 2189 τοὺς
1564 2125 1863 2195 Ῥωμαίους

170 2222 410 2288 πόλεμον
460 2218 593 2287 ἡμῖν
643 2227 757 2280 τοῖς
801 2214 1091 2280 Ἰουδαίοις
1138 2220 1472 2285 γενόμενον,
1523 2214 1612 2267 καὶ
1660 2216 1753 2276 τὰς
1802 2214 1861 2266 ἐν

172 2308 317 2379 αὐτῷ
359 2305 579 2377 πράξεις
617 2305 708 2358 καὶ
746 2308 806 2358 τὸ
845 2305 1000 2368 τέλος
1041 2299 1161 2359 οἷον
1202 2304 1405 2373 ἀπέβη,
1445 2307 1605 2374 πείρα
1644 2304 1861 2370 μαθών,

174 2394 442 2463 ἐβιάσθην
496 2394 928 2463 ἐκδιηγήσασθαι
977 2396 1068 2446 διὰ
1107 2397 1236 2456 τοὺς
1275 2393 1334 2446 ἐν
1374 2401 1448 2464 τῷ
1491 2392 1726 2462 γράφειν
1767 2395 1861 2442 λυβ

173 2481 539 2552 μαινομένους
569 2485 670 2551 τὴν
703 2483 991 2551 ἀλήθειαν,
1033 2483 1140 2550 <5>
1173 2484 1375 2550 ταύτην
1410 2478 1470 2533 δὲ
1501 2482 1601 2548 τὴν
1636 2479 1861 2532 ἐνεστῶ-
1888 2486 1950 2540 (2)

174 2586 277 2624 σαν
318 2571 715 2641 ἐγκεχείρισμαι
761 2573 1134 2641 πραγματείαν
1181 2572 1418 2638 νομίζων
1468 2570 1634 2621 ἅπασι
1673 2578 1862 2636 φανεῖ-

175 2666 308 2712 σθαι
332 2670 445 2722 τοῖς
461 2658 725 2727 ”Έλλησιν
750 2659 907 2722 ἀξίαν
935 2660 1197 2725 σπουδῆς·
1239 2655 1422 2725 μέλλει
1456 2657 1558 2726 γὰρ
1591 2655 1861 2725 περιέξειν

174 2749 390 2800 ἅπασαν
430 2749 530 2815 τὴν
569 2744 695 2816 παρ’
742 2747 873 2814 ἡμῖν
915 2746 1303 2816 ἀρχαιολογίαν
1344 2742 1433 2796 καὶ
1473 2746 1573 2812 τὴν
1615 2743 1861 2806 διάταξιν

174 2845 272 2890 τοῦ
311 2837 704 2904 πολιτεύματος
744 2834 801 2887 ἐκ
844 2845 954 2888 τῶν
986 2834 1289 2904 Ἑβραϊκῶν
1331 2831 1861 2903 μεθηρμηνευμένην

1542 2920 1596 2962 1*
