2052 3141
181 218 206 258 3
255 192 260 196 .

244 70 347 122 176
853 71 1306 112 ΑΡΧΑΙοΑοΓΙΑΣ

354 205 534 272 <197>
574 205 756 272 ἥγνιζε
805 201 865 256 δὲ
911 204 1003 257 καὶ
1047 206 1148 273 τὴν
1189 205 1398 273 σκηνὴν
1436 206 1528 255 καὶ
1565 206 1696 266 τοὺς
1736 203 1928 273 ἱερέας,

241 295 423 364 τρόπῳ
448 294 679 365 τοιούτῳ
711 293 1040 360 ποιούμενος
1065 293 1247 345 αὐτῶν
1278 294 1379 361 τὴν
1411 293 1700 361 κάθαρσιν.
1758 293 1929 361 σμύρα

241 400 340 447 νης
388 378 669 433 ἐπιλέκτου
718 383 939 443 σίκλους
984 384 1375 442 πεντακοσίους
1421 379 1511 433 καὶ
1559 386 1716 449 ἴρεως
1757 385 1927 448 ἴσους,

242 469 563 536 κιναμώμου
605 465 665 521 δὲ
712 467 802 521 καὶ
848 469 1095 538 καλάμου
1155 468 1292 539 (ἔστι
1339 466 1401 521 δὲ
1451 467 1541 521 καὶ
1580 477 1741 522 τοῦτο
1783 465 1930 530 εἶδος

242 555 611 627 θυμιάματος)
652 558 905 625 ἡμίσειαν
937 567 1047 610 τῶν
1079 556 1370 635 προτέρων,
1396 557 1584 625 ὁλκήν,
1624 555 1930 625 κεκομμένα

244 645 427 697 δεύειν
479 643 795 713 ἐκέλευσεν,
858 645 1045 699 ἐλαιόυ
1097 643 1142 698 τ’
1198 645 1420 698 ἐλαΐνου
1473 647 1555 698 εἴν
1608 645 1830 715 (μέτρον
1871 641 1923 697 δ’

245 731 358 784 ἐστὶ
407 741 568 786 τοῦτο
619 733 912 803 ἐπιχώριον
965 735 1066 787 δύο
1118 737 1249 804 χόας
1282 733 1558 797 Ἀττικοὺς
1610 732 1929 804 δεχόμενον)

244 820 609 889 ἀναμίξαντας
632 821 721 874 καὶ
746 826 1168 892 καθεψήσαντας
1193 823 1452 876 σκευάσαι
1478 822 1636 893 τέχνῃ
1670 831 1933 891 μυρεψῶν

244 919 445 978 χρῖσμα
485 909 873 964 εὐωδέστατον.
939 912 1119 978 <198>
1154 912 1377 963 κᾶπειτα
1410 919 1570 964 τοῦτο
1611 912 1797 979 λαβὼν
1836 910 1932 962 αὐ-

244 998 372 1059 τούς
411 1017 466 1050 τε
507 1000 635 1060 τοὺς
676 997 849 1069 ἱερέας
887 997 975 1050 καὶ
1027 1006 1208 1051 πᾶσαν
1248 1001 1348 1067 τὴν
1390 1001 1598 1067 σκηνὴν
1637 1003 1808 1069 χρίων
1848 1018 1933 1051 κε-

245 1085 520 1154 κάθαρκε,
570 1087 635 1138 τά
682 1106 735 1138 τε
785 1088 1110 1155 θυμιώμενα
1151 1088 1348 1154 (πολλὰ
1389 1086 1436 1140 δ’
1487 1087 1597 1140 ἐστὶ
1639 1096 1805 1140 ταῦτα
1844 1086 1933 1139 καὶ

246 1177 467 1226 ποικίλα
500 1176 634 1227 κατὰ
666 1177 766 1243 τὴν
800 1176 1030 1243 σκηνήν)
1067 1174 1151 1227 ἐπὶ
1186 1185 1282 1228 τοῦ
1314 1184 1523 1245 χρυσοῦ
1563 1178 1933 1244 θυμιατηρίου

248 1262 484 1330 μεγάλης
530 1263 675 1315 πάνυ
722 1272 877 1331 τιμῆς
926 1265 1057 1315 ὄντα
1098 1263 1450 1332 συνεφέρετο·
1501 1260 1578 1316 ὧν
1618 1267 1933 1331 παραλείπω

248 1351 347 1418 τὴν
397 1352 568 1419 φύσιν
625 1351 1034 1419 ἐκδιηγεῖσθαι,
1089 1353 1160 1419 μὴ
1211 1349 1283 1403 δι’
1331 1354 1497 1421 ὄχλου
1554 1351 1772 1419 γένηται
1823 1361 1936 1414 τοῖς

249 1437 662 1508 ἐντυγχάνουσι.
743 1441 922 1506 <199>
959 1439 1042 1502 δὶς
1077 1436 1134 1492 δὲ
1170 1448 1262 1507 τῆς
1297 1438 1512 1508 ἡμέρας,
1551 1444 1682 1507 πρίν
1722 1437 1766 1492 τ’
1806 1439 1935 1492 ἀνα-

249 1536 401 1596 σχεῖν
457 1529 553 1579 τὸν
604 1528 762 1595 ἥλιον
819 1527 907 1579 καὶ
963 1530 1098 1595 πρὸς
1155 1530 1420 1596 δυσμαῖς,
1482 1533 1694 1595 θυμιᾶν
1753 1526 1936 1596 ἐχρῆν,

250 1617 436 1667 ἔλαιόν
475 1613 533 1667 θ’
581 1615 909 1682 ἁγνίσαντας
949 1617 1244 1685 φυλάττειν
1285 1618 1361 1678 είς
1400 1618 1526 1678 τοὺς
1567 1617 1819 1685 λύχνους,
1860 1611 1937 1667 ὧν

250 1705 378 1765 τοὺς
433 1700 534 1771 μὲν
582 1714 725 1772 τρεῖς
780 1703 861 1756 ἐπὶ
914 1712 973 1773 τῇ
1027 1706 1143 1775 ἱερᾷ
1193 1708 1387 1775 λυχνίᾳ
1437 1703 1661 1772 φέγγειν
1713 1707 1818 1757 ε”δει
1864 1712 1935 1776 τῷ

250 1797 364 1863 θεῷ
420 1793 554 1843 κατὰ
602 1801 783 1845 πᾶσαν
832 1792 1074 1861 ἡμέραν,
1122 1796 1249 1855 τοὺς
1297 1790 1354 1845 δὲ
1404 1796 1629 1855 λοιποὺς
1677 1791 1795 1860 περὶ
1839 1795 1939 1861 τὴν

253 1878 487 1947 ἑσπέραν
529 1882 810 1943 ἅπτοντας.

364 1970 543 2035 <2ΟΟ>
585 1969 841 2022 ἁπάντων
891 1969 938 2022 δ’
989 1972 1088 2038 ἤδη
1138 1969 1303 2037 πέρας
1349 1972 1687 2037 εἰληφότων,
1743 1971 1940 2033 ἔδοξαν

253 2058 465 2124 ἄριστοι
499 2067 607 2110 τῶν
641 2060 994 2126 δημιουργῶν
1020 2058 1352 2126 Βεσελέηλος
1384 2043 1468 2109 καλ
1509 2055 1767 2125 Ἐλίαβος.
1832 2068 1939 2110 τῶν

253 2146 356 2213 γὰρ
393 2145 771 2214 ἐξευρημένων
804 2157 916 2209 τοῖς
947 2145 1230 2214 προτέροις
1262 2145 1411 2199 αὐτοὶ
1456 2150 1940 2214 προυθυμήθησαν

255 2233 519 2302 ἀμείνονα
573 2236 1152 2303 προσεξεργάσασθαι,
1217 2238 1406 2302 λαβεῖν
1460 2232 1503 2286 τ’
1560 2234 1807 2287 ἐπίνοιαν
1863 2230 1940 2287 ὧν

255 2325 526 2392 πρότερον
578 2324 818 2390 ἠγνόουν
866 2326 965 2392 τὴν
1014 2326 1351 2391 κατασκευὴν
1406 2324 1742 2375 ι’κανώτατοι.
1822 2324 1942 2376 τού·
1994 2338 2010 2365 ⁷»

256 2431 366 2463 τῶν
422 2410 608 2479 μέντοι
658 2412 996 2480 Βεσελέηλον
1053 2412 1257 2480 συνέβη
1306 2417 1562 2479 κριθῆναι
1617 2414 1711 2464 τὸν
1763 2413 1942 2478 κράτι-

257 2515 403 2552 στον.
483 2502 664 2567 <201>
723 2502 750 2553 ὁ
809 2498 866 2553 δὲ
914 2509 1018 2563 πᾶς
1074 2505 1271 2570 χρόνος
1324 2502 1401 2562 εἰς
1456 2497 1692 2567 τοῦργον
1749 2503 1941 2567 διῆλθε

258 2597 447 2655 μηνῶν
501 2586 664 2653 ἑπτά,
718 2588 803 2641 καὶ
863 2591 995 2658 μετὰ
1044 2597 1202 2642 τοῦτο
1250 2587 1343 2656 ἀφ’
1400 2585 1465 2641 οὗ
1514 2590 1613 2656 τὴν
1663 2594 1943 2655 Αἴγυπτον

260 2675 526 2738 ἐξέλιπον,
568 2675 816 2739 ἐνιαυτὸς
848 2678 1033 2739 αὐτοῖς
1072 2687 1284 2745 πρῶτος
1325 2676 1641 2729 ἐτελειοῦτο.
1718 2675 1943 2744 ἀρχομέ-

259 2783 362 2815 νου
403 2761 462 2815 δὲ
496 2772 593 2816 τοῦ
628 2764 890 2832 δευτέρου
931 2767 1103 2828 ἔτους,
1144 2764 1270 2833 μηνὶ
1301 2766 1559 2835 Ξανθικῷ
1602 2765 1732 2815 κατὰ
1760 2767 1944 2816 ,Πακε-
1969 2779 1987 2808 3

379 2869 501 2916 §197
525 2887 577 2899 Σ
598 2865 738 2907 Exod.
758 2865 881 2907 XXX
905 2871 974 2907 22.
1041 2870 1167 2919 §⁸200
1197 2889 1248 2901 =
1276 2865 1418 2908 Exod.
1440 2864 1651 2915 XXX12;
1686 2863 1853 2907 XXXV
1873 2870 1942 2908 30.

1961 1014 2001 1044 10

1963 1455 2002 1486 15

1965 1897 2006 1928 :30
