2052 3141
857 68 1120 107 nEMnTH
1725 65 1794 116 29
1805 69 1829 115 1

146 213 260 266 τοῖς
290 203 397 256 ὑπὸ
429 203 627 255 πύστιν
668 198 982 270 ἐρχομένοις
1022 199 1249 253 ἐοικότα.
1329 201 1508 267 <126>
1542 198 1632 252 καὶ
1672 208 1834 253 τοῦτο

148 288 248 359 μὲν
302 299 416 352 τοῖς
461 291 717 351 Λευίταις
765 288 1040 358 ἐξαίρετον
1095 287 1255 358 γέρας
1310 290 1510 341 ἔδοσαν
1561 289 1693 356 μετὰ
1744 286 1834 340 καὶ

149 388 260 431 τῶν
308 380 592 448 δισχιλίων
642 381 888 446 πήχεων,
936 378 1036 445 τὴν
1090 374 1150 429 δὲ
1197 385 1300 444 γῆν
1343 376 1569 449 Χαλέβῳ
1622 377 1837 446 δωρεὰν

151 469 351 521 ἔδοσαν
382 468 516 519 κατὰ
547 465 819 529 Μωυσέος
852 466 1094 528 ἐντολάς·
1137 463 1296 528 οὗτος
1330 464 1378 517 δ’
1419 462 1488 533 ἧν
1528 476 1637 517 τῶν
1677 484 1835 517 κατα-

104 557 370 607 εσκόπων
425 548 502 617 εἷς
550 550 627 607 ὧν
679 558 881 623 ἔπεμψε
928 557 1176 621 Μωυσῆς
1226 556 1303 616 είς
1351 555 1451 621 τὴν
1502 556 1835 606 Χαναναιάν.

148 645 330 711 <127>
372 645 591 696 διδόασι
644 641 703 696 δὲ
753 642 843 696 καὶ
893 653 1006 705 τοῖς
1040 640 1294 712 Ἰοθόρου
1345 651 1443 695 τοῦ
1483 644 1834 694 Μαδιανίτου

148 731 442 800 ἀπογόνοις
467 731 763 803 (Μωυσέος
787 734 890 800 γὰρ
916 728 985 799 ἦν
1011 729 1275 801 γαμβρός)
1302 739 1405 799 γῆν
1431 732 1522 783 ἵνα
1554 729 1833 798 νέμοιντο·

147 822 248 888 τὴν
287 822 390 890 γὰρ
422 823 657 890 πατρίδα
689 823 1076 882 καταλιπόντες
1114 821 1566 888 ἠκολουθήκεσαν
1608 818 1837 880 ἐκείνοις

147 906 237 961 καὶ
278 916 524 976 συνῆσαν
565 909 749 971 αὐτοῖς
790 908 875 961 ἐπὶ
914 917 1008 977 τῆς
1049 909 1267 977 ἐρήμου.

82 1015 125 1046 10
259 998 439 1064 <128>
485 997 518 1064 ἡ
567 994 627 1049 δὲ
668 994 850 1049 Ἰούδα
904 998 1052 1066 φυλὴ
1107 995 1196 1048 καὶ
1253 995 1541 1064 Συμεωνὶς
1590 997 1684 1057 τὰς
1736 992 1836 1063 μὲν

148 1087 282 1138 κατὰ
320 1087 420 1154 τὴν
461 1085 685 1155 ὀρεινὴν
716 1093 808 1153 τῆς
843 1087 1155 1146 Χαναναίας
1193 1087 1378 1146 πόλεις
1419 1078 1588 1152 εἷλον,
1629 1093 1738 1136 τῶν
1781 1081 1829 1135 δ’

150 1174 210 1226 ἐν
241 1182 314 1246 τῷ
347 1176 517 1247 πεδίῳ
550 1173 639 1226 καὶ
670 1176 805 1243 πρὸς
835 1174 1080 1243 θαλάττῃ
1116 1171 1431 1225 Ἀσκάλωνά
1463 1193 1517 1225 τε
1557 1171 1647 1224 καὶ
1673 1170 1837 1235 ’Ἀζω-

149 1283 259 1315 τον.
339 1264 624 1331 διαφεύγει
658 1261 706 1314 δ’
746 1262 946 1324 αὐτοὺς
979 1263 1122 1325 Γάζα
1167 1260 1254 1313 καὶ
1290 1260 1589 1330 Ἀκκάρων·
1631 1262 1837 1313 πεδίων

149 1351 253 1420 γὰρ
295 1353 472 1404 ὄντων
511 1350 601 1403 καὶ
640 1356 844 1419 πολλῆς
884 1350 1140 1420 ἁρμάτων
1180 1350 1438 1419 εὐπορίας
1476 1359 1653 1411 κακῶς
1693 1349 1837 1401 ἐποί-

84 1456 125 1487 15
151 1459 252 1492 ουν
290 1441 419 1502 τοὺς
459 1440 807 1501 ἐπελθόντας.

260 1527 350 1580 καὶ
402 1529 520 1581 αἵδε
573 1525 672 1597 μὲν
728 1529 788 1580 αἱ
833 1526 1003 1596 φυλαὶ
1052 1528 1298 1595 μεγάλως
1346 1526 1403 1579 ἐκ
1442 1535 1540 1579 τοῦ
1579 1530 1838 1594 πολεμεῖν

150 1616 616 1685 εὐδαιμονήσασαι
650 1616 1003 1685 ἀνεχώρησαν
1036 1618 1112 1678 εἰς
1144 1617 1237 1677 τὰς
1278 1614 1487 1667 ἑαυτῶν
1526 1617 1710 1676 πόλεις
1749 1613 1839 1666 καὶ

150 1709 532 1758 κατατίθενται
579 1706 644 1757 τὰ
692 1706 852 1757 ὅπλα·
915 1705 1094 1772 <129>
1135 1707 1455 1772 Βενιαμῖται
1504 1702 1568 1755 δέ
1606 1703 1838 1772 (τούτων
1873 1720 1889 1753 ῐ

150 1795 254 1863 γὰρ
293 1791 362 1862 ἦν
395 1792 771 1864 Ἱεροσόλυμα)
811 1803 925 1856 τοῖς
958 1795 1272 1862 οἰκήτορσιν
1306 1793 1487 1844 αὐτῶν
1528 1794 1838 1861 συνεχώρη-

84 1899 128 1929 20
152 1896 254 1935 σαν
304 1885 513 1952 φόρους
561 1887 773 1950 τελεῖν,
827 1881 917 1934 καὶ
967 1882 1109 1934 οὕτω
1160 1882 1502 1949 παυσάμενοι
1550 1881 1746 1942 πάντες
1787 1884 1843 1932 οἳ

151 1968 251 2039 μὲν
300 1980 398 2025 τοῦ
447 1973 683 2024 κτείνειν
735 1973 791 2023 οἳ
839 1967 898 2022 δὲ
945 1979 1044 2023 τοῦ
1083 1971 1467 2036 κινδυνεύειν,
1516 1969 1838 2037 ἐργάζεσθαι

150 2061 250 2127 τὴν
289 2066 393 2126 γῆν
434 2059 752 2129 εὐσχόλουν.
829 2060 889 2111 τὸ
939 2056 987 2110 δ’
1035 2057 1166 2110 αὐτὸ
1219 2056 1308 2109 καὶ
1349 2058 1409 2109 αί
1444 2055 1629 2110 λοιπαὶ
1667 2056 1839 2126 φυλαὶ

150 2149 251 2215 τὴν
290 2151 608 2215 Βενιαμῖτιν
656 2148 1024 2216 μιμησάμεναι
1074 2146 1326 2213 ἐποίουν,
1372 2144 1462 2198 καὶ
1502 2155 1615 2207 τοῖς
1653 2151 1840 2198 τελου-

153 2234 337 2304 μένοις
384 2234 715 2304 ἀρκούμενοι
761 2238 956 2304 φόροις
1004 2234 1298 2304 ἐπέτρεπον
1344 2244 1458 2296 τοῖς
1507 2237 1841 2296 Χαναναίοις

87 2339 130 2371 25
154 2321 445 2391 ἀπολέμοις
483 2319 640 2375 εἶναι.

264 2412 443 2478 <130>
483 2412 516 2479 ἡ
559 2408 608 2463 δ’
649 2409 953 2481 Ἐφραίμου
993 2417 1364 2481 πολιορκοῦσα
1403 2410 1647 2480 Βέθηλα,
1687 2410 1841 2473 τέλος

154 2497 319 2554 οὐδὲν
370 2498 524 2563 ἄξιον
574 2508 673 2553 τοῦ
723 2502 927 2569 χρόνου
979 2499 1068 2552 καὶ
1115 2510 1224 2552 τῶν
1264 2503 1452 2552 πόνων
1492 2500 1708 2568 εὕρισκε
1748 2508 1841 2568 τῆς

153 2591 483 2657 πολιορκίας.
562 2591 619 2641 οἳ
655 2585 716 2640 δὲ
753 2591 946 2657 καίπερ
979 2588 1282 2658 ἀχθόμενοι
1306 2596 1369 2657 τῇ
1395 2586 1643 2659 καθέδρα
1673 2602 1840 2656 προσ-

155 2676 508 2747 εκαρτέρουν·
566 2677 746 2743 <131>
796 2679 978 2729 ἔπειτα
1027 2679 1394 2745 συλλαβόντες
1439 2677 1562 2728 τινὰ
1616 2685 1725 2729 τῶν
1781 2676 1840 2728 ἐν

88 2779 131 2811 30
153 2773 216 2834 τῇ
256 2768 412 2818 πόλει
451 2767 832 2835 προσελθόντα
871 2764 958 2817 ἐπὶ
998 2767 1196 2834 κομιδῇ
1237 2775 1346 2817 τῶν
1387 2764 1724 2832 ἀναγκαίων,
1763 2784 1840 2817 τι-

274 2871 298 2919 ς
335 2871 416 2910 126
443 2888 498 2902 =
522 2865 664 2909 Iudic.
698 2867 717 2909 I
752 2871 798 2918 93
840 2866 927 2910 Ios,
963 2866 1069 2909 XX[
1106 2871 1171 2910 11.

1487 2940 1574 2982 19*
