2052 3141
73 1011 114 1042 10

76 1452 117 1483 15

76 1893 119 1924 20

81 2334 123 2366 25

885 72 1065 111 TPITH
1259 87 1274 91 -
1712 65 1779 117 17
1787 65 1817 116 7

137 207 303 267 δόνας
337 205 522 256 Νισὰν
556 201 617 256 δὲ
648 201 774 256 καθ’
813 200 1120 271 Ἑβραίους,
1159 205 1434 272 νουμηνία
1469 201 1569 269 τὴν
1610 201 1819 268 σκηνὴν

137 293 425 362 ἀφιεροῦσι
441 289 531 343 καὶ
549 288 718 343 πάνθ’
744 291 846 343 ὅσα
861 289 984 359 περὶ
1002 290 1173 358 αὐτὴν
1199 291 1362 358 σκεύη
1382 309 1474 357 μοι
1501 290 1819 357 δεδήλωται.

248 381 428 448 <202>
462 378 697 443 ἐπέδειξε
732 377 786 431 δ’
834 379 1003 431 αὑτὸν
1044 379 1072 431 6
1111 380 1244 440 θεὸς
1280 376 1523 445 ἡσθέντα
1562 385 1635 448 τῷ
1677 379 1818 449 ἔργῳ

135 479 244 522 τῶν
275 467 545 537 Ἑβραίων
584 466 674 520 καὶ
714 469 786 536 μὴ
828 468 1002 536 μάτην
1034 467 1235 529 αὐτοὺς
1272 469 1618 535 πονήσαντας
1656 465 1822 534 ὑπερ-

135 559 343 628 ηφανία
381 564 475 624 τῆς
507 558 766 624 χρήσεως,
807 553 924 607 ἀλλ’
966 554 1274 623 ἐπεξενώθη
1315 553 1406 607 καὶ
1445 556 1822 621 κατεσκήνωσε

136 653 208 716 τῷ
265 652 380 716 ναςό
438 645 629 716 τούτῳ.
707 645 808 712 τὴν
856 640 916 695 δὲ
966 645 1275 712 παρουσίαν
1331 642 1503 704 οὕτως
1552 642 1822 710 ἐποίησεν.

138 733 318 800 <203>
361 733 388 786 6
429 729 529 801 μὲν
570 732 805 801 οὐρανὸς
852 734 1095 800 καθαρὸς
1134 729 1230 799 ἦν,
1277 728 1414 799 ὑπὲρ
1457 728 1517 782 δὲ
1555 733 1654 799 τὴν
1697 745 1824 799 σκη-

136 823 242 889 νὴν
267 823 443 889 μόνην
475 822 730 889 ἤχλυσεν,
771 821 895 872 οὔτε
928 823 1097 888 βαθεῖ
1124 820 1268 872 πάνυ
1310 818 1464 888 νέφει
1504 818 1594 871 καὶ
1633 826 1822 890 πυκνῷ

137 909 449 978 περιλαβὼν
475 908 666 976 αὐτήν,
701 905 826 960 ὥστ’
858 904 999 960 εἶναι
1034 907 1189 970 δόξαι
1220 906 1516 977 χειμέριον,
1557 908 1683 960 οὔτε
1716 908 1825 975 μὴν

139 999 336 1049 λεπτὸν
399 996 571 1057 οὕτως
625 996 760 1048 ὥστε
815 997 914 1064 τὴν
970 997 1100 1059 ὄψιν
1158 998 1381 1064 ἰσχῦσαί
1428 1016 1478 1047 τι
1531 993 1605 1047 δι’
1653 995 1824 1048 αὐτοῦ

139 1093 492 1153 κατανοῆσαι·
532 1084 689 1152 ἡδεῖα
724 1081 772 1136 δ’
813 1081 903 1136 ἀπ’
943 1084 1113 1137 αὐτοῦ
1148 1085 1346 1153 δρόσος
1379 1086 1524 1153 ἔρρει
1556 1082 1645 1136 καὶ
1685 1089 1825 1136 θεοῦ

141 1175 385 1242 δηλοῦσα
430 1175 738 1242 παρουσίαν
792 1182 905 1235 τοῖς
958 1181 1119 1225 τοῦτο
1180 1171 1270 1225 καὶ
1324 1171 1683 1242 βουλομένοις
1736 1170 1827 1223 καὶ

139 1264 537 1314 πεπιστευκόσι.

253 1350 433 1417 <204>
485 1352 733 1416 Μωυσῆς
788 1346 848 1401 δὲ
901 1351 1029 1411 τοὺς
1081 1346 1336 1410 τέκτονας
1384 1349 1523 1411 οἵαις
1569 1350 1712 1411 εἰκὸς
1758 1344 1828 1416 ἧν

143 1440 373 1508 δωρεαῖς
410 1439 538 1499 τοὺς
577 1434 779 1490 τοιαῦτ’
827 1435 1220 1505 εἰργασμένους
1258 1439 1512 1505 τιμήσας,
1560 1438 1727 1489 ἔθυεν
1770 1435 1828 1488 ἐν

140 1535 213 1598 τῷ
256 1535 350 1595 τῆς
390 1533 592 1593 σκηνῆς
632 1527 833 1597 αἰθρίῳ
866 1525 999 1576 κατὰ
1031 1527 1346 1594 προσταγὴν
1385 1534 1484 1578 τοῦ
1522 1530 1663 1578 θεοῦ
1702 1531 1831 1577 ταῦ-

142 1635 242 1684 ρον
282 1613 373 1666 καὶ
411 1616 568 1683 κριὸν
608 1611 698 1666 καὶ
731 1615 925 1683 ἔριφον
963 1609 1099 1683 ὑπὲρ
1141 1612 1491 1682 ἁμαρτάδων·
1535 1613 1714 1681 (205)
1741 1611 1832 1666 καὶ

144 1704 211 1770 δὴ
253 1700 433 1769 λέγειν
475 1701 534 1754 έν
574 1711 687 1763 τοῖς
732 1700 857 1771 περὶ
906 1707 1124 1754 θυσιῶν
1165 1700 1343 1769 μέλλω
1384 1703 1449 1754 τὰ
1488 1704 1833 1771 πραττόμενα

143 1788 266 1859 περὶ
305 1790 400 1852 τὰς
440 1790 767 1859 ἱερουργίας,
808 1788 868 1842 ἐν
909 1788 1138 1851 ἐκείνοις
1179 1791 1444 1857 δηλώσων
1483 1793 1613 1860 περί
1644 1787 1707 1842 θ’
1755 1785 1833 1843 ὧν

145 1879 483 1932 ὁλοκαυτοῦν
507 1879 718 1930 κελεύει
752 1876 843 1930 καὶ
875 1873 952 1930 ὧν
985 1878 1422 1947 μεταλαμβάνειν
1454 1885 1548 1946 τῆς
1579 1880 1836 1948 βρώσεως

145 1967 363 2037 ἐφίησιν
397 1967 424 2020 6
458 1969 647 2035 νόμος·
689 1965 790 2018 κάκ
822 1975 921 2020 τοῦ
962 1968 1186 2035 αἵματος
1224 1976 1334 2019 τῶν
1373 1964 1695 2036 τεθυμένων
1734 1971 1835 2036 τήν

143 2076 199 2108 τε
256 2042 458 2123 στολὴν
512 2062 611 2107 τοῦ
654 2051 928 2125 Ἀαρῶνος
978 2053 1068 2107 καὶ
1115 2055 1284 2108 αὐτὸν
1333 2057 1437 2107 σὺν
1483 2064 1596 2117 τοῖς
1645 2053 1836 2108 παισὶν

146 2146 426 2213 ἔρραινεν,
467 2143 773 2213 ἀφαγνίσας
812 2146 1066 2212 πηγαίοις
1104 2163 1160 2195 τε
1200 2143 1364 2196 ὕδασι
1403 2142 1494 2196 καὶ
1533 2144 1709 2216 μύρῳ,
1749 2144 1841 2196 ἴνα

145 2239 244 2284 τοῦ
284 2236 422 2284 θεοῦ
470 2234 731 2298 γίνοιντο.
811 2231 991 2298 <206>
1041 2230 1128 2284 ἐπὶ
1176 2228 1276 2300 μὲν
1326 2227 1429 2284 οὖν
1469 2230 1671 2301 ἡμέρας
1712 2229 1844 2285 ἑπτὰ

147 2327 344 2372 τοῦτον
391 2321 488 2372 τὸν
534 2322 739 2388 τρόπον
788 2319 989 2381 αὐτούς
1035 2339 1091 2372 τε
1138 2318 1228 2372 καὶ
1275 2321 1368 2382 τὰς
1408 2321 1603 2382 στολὰς
1644 2319 1840 2389 ἑθερά-

148 2425 305 2475 πευε,
353 2409 452 2474 τήν
503 2426 558 2458 τε
607 2408 818 2475 σκηνὴν
858 2406 948 2459 καὶ
986 2408 1050 2459 τὰ
1089 2406 1213 2477 περὶ
1257 2408 1429 2475 αὐτὴν
1470 2408 1634 2476 σκεύη
1677 2407 1842 2479 ε’λαίῳ

148 2515 204 2548 τε
253 2493 698 2566 προθυμιωμένῳ
753 2496 939 2557 καθὼς
992 2492 1181 2563 εἷπον,
1236 2495 1326 2548 καὶ
1373 2503 1447 2568 τῷ
1498 2497 1683 2564 αἵματι
1734 2504 1844 2549 τῶν

149 2584 367 2653 ταύρων
422 2582 511 2635 καὶ
559 2592 730 2652 κριῶν
795 2582 1116 2652 σφαγέντων
1168 2582 1296 2636 καθ’
1355 2582 1586 2652 ἑκάστην
1635 2583 1845 2653 ἡμέραν

152 2669 273 2734 ἑνὸς
314 2672 449 2724 κατὰ
488 2669 666 2738 γένος·
716 2679 778 2741 τῇ
820 2668 881 2725 δὲ
920 2672 1090 2743 ὀγδόῃ
1137 2674 1491 2741 κατήγγειλεν
1532 2670 1727 2742 ἑορτὴν
1766 2679 1841 2744 τῷ

271 2792 295 2840 g
328 2792 412 2830 202
447 2809 502 2823 =
534 2786 678 2831 ΕΧοᾶ.
717 2787 795 2830 XL
836 2792 904 2831 34.
1059 2793 1082 2841 ξ
1127 2793 1212 2832 204
1246 2810 1301 2824 =
1332 2787 1476 2833 Exod.
1517 2787 1712 2832 XXXIX
1750 2793 1840 2840 23;

153 2859 305 2902 XXIX
338 2865 382 2913 13
416 2859 562 2904 Levib.
595 2860 701 2904 VIII
737 2866 772 2904 1.

240 2942 450 2975 Iosnprms.
486 2943 522 2977 Ι.
1524 2941 1578 2979 12
