2052 3141
840 64 1117 105 AETTEPA
1762 64 1830 114 89

140 202 342 268 μόνον,
389 197 528 250 ἀλλὰ
567 195 657 250 καὶ
697 207 809 259 τοῖς
849 196 1024 261 ξένοις
1064 197 1330 250 ὠνεῖσθαι
1370 205 1580 267 παρῆν,
1627 199 1833 260 πάντας

141 286 471 357 ἀνθρώπους
500 287 635 338 κατὰ
669 283 994 353 συγγένειαν
1027 285 1312 348 ἀξιοῦντος
1354 285 1667 355 ἐπικουρίας
1706 306 1833 353 τυγ-

140 376 328 446 χάνειν
361 372 628 442 Ἰωσήπου
668 375 814 443 παρὰ
855 383 962 426 τῶν
1003 373 1328 444 εὐδαιμονίᾳ
1369 372 1682 443 χρωμένων.

251 463 395 531 <9ὅ>
434 460 629 530 πέμπει
673 463 740 528 δὴ
781 460 870 514 καὶ
907 459 1190 530 Ἰάκωβος,
1240 470 1333 529 τῆς
1374 465 1688 524 Χαναναιάς
1729 463 1836 514 δει-

98 571 118 604 5
142 560 252 613 νῶς
291 549 763 621 ἐκτετρυχωμένης
807 550 1004 618 (πάσης
1037 551 1139 619 γὰρ
1173 551 1349 618 ἥψατο
1382 558 1475 617 τῆς
1506 550 1736 619 ἠπείρου
1776 553 1836 603 τὸ

143 639 379 710 δεινόν),
418 642 546 702 τοὺς
576 640 734 701 υἱοὺς
773 640 1013 701 ἅπαντας
1053 641 1130 700 εἰς
1168 641 1268 707 τὴν
1302 644 1587 706 Αἴγυπτον
1629 638 1838 706 ὠνησο-

144 726 344 796 μένους
396 738 581 795 σῖτον,
634 725 979 796 πεπυσμένος
1030 726 1286 796 ἐφεῖσθαι
1338 729 1437 796 τὴν
1489 726 1697 796 ἀγορὰν
1748 725 1838 779 καὶ

144 815 335 880 ξένοις.
413 819 589 884 μόνον
632 814 691 867 δὲ
730 814 953 884 κατέσχε
994 814 1260 884 Βενιαμὶν
1304 815 1362 868 ἐκ
1394 814 1650 885 Ῥαχήλας
1692 815 1837 886 αὐτῷ

143 906 437 972 γεγονότα,
486 903 820 972 ὁμομήτριον
877 901 936 955 δὲ
987 911 1060 974 τςό
1110 901 1367 975 Ἰωσήπῳ.
1446 904 1590 971 <96>
1638 906 1695 955 οἳ
1738 900 1838 971 μὲν

77 988 119 1044 10
145 988 247 1045 οὗν
295 994 373 1054 εἰς
419 993 518 1060 τὴν
565 996 853 1059 Αἴγυπτον
906 991 1163 1054 ἐλθόντες
1212 991 1578 1061 ἐνετύγχανον
1618 999 1690 1062 τῷ
1729 989 1839 1044 Ἰω-

145 1083 333 1153 σήπῳ,
387 1077 674 1150 χρῄζοντες
730 1079 952 1147 ἀγορᾶς·
1010 1077 1176 1132 οὐδὲν
1232 1081 1335 1148 γὰρ
1392 1076 1461 1147 ἦν
1510 1079 1537 1132 ὃ
1586 1081 1658 1148 μὴ
1709 1081 1840 1147 μετὰ

145 1171 364 1238 γνώμης
397 1169 685 1239 ἐπράττετο
719 1177 812 1237 τῆς
846 1168 1084 1221 ἐκείνου·
1126 1167 1215 1221 καὶ
1257 1169 1359 1238 γὰρ
1400 1170 1460 1222 τὸ
1499 1174 1840 1237 θεραπεῦσαι

145 1259 241 1310 τὸν
293 1255 519 1326 βασιλέα
573 1260 692 1310 τότε
751 1260 1020 1327 χρήσιμον
1078 1257 1287 1324 ἐγίνετο
1339 1267 1452 1319 τοῖς
1502 1256 1842 1326 ἀνθρώποις,

149 1346 234 1399 ὅτε
276 1345 366 1399 καὶ
413 1353 506 1414 τῆς
540 1343 807 1413 Ἰωσήπου
858 1353 1012 1414 τιμῆς
1053 1346 1449 1414 ἐπιμεληθεῖεν.
1528 1346 1671 1413 <97>
1713 1345 1740 1397 ὃ
1783 1343 1843 1397 δὲ

82 1454 122 1486 15
148 1437 423 1504 γνωρίσας
476 1437 604 1497 τοὺς
659 1434 934 1503 ἀδελφοὺς
990 1431 1157 1487 οὐδὲν
1214 1432 1666 1502 ἐνθυμουμένους
1719 1433 1843 1503 περὶ

149 1510 320 1576 αὐτοῦ
369 1524 460 1575 διὰ
508 1525 567 1576 τὸ
617 1523 902 1591 μειράκιον
953 1519 1052 1590 μὲν
1104 1519 1266 1584 αὐτὸς
1305 1521 1717 1590 ἀπαλλαγῆναι,
1768 1524 1845 1584 εἰς

150 1621 311 1665 τοῦτο
353 1609 413 1664 δὲ
454 1612 750 1681 προελθὼν
794 1619 887 1679 τῆς
933 1610 1145 1679 ἡλικίας
1195 1609 1286 1663 καὶ
1337 1620 1445 1663 τῶν
1486 1613 1844 1680 χαρακτήρων

153 1698 580 1768 ἐνηλλαγμένων
621 1699 960 1769 ἀγνώριστος
992 1699 1178 1761 αὐτοῖς
1210 1695 1370 1766 εἶναι,
1410 1706 1482 1770 τῷ
1526 1696 1585 1750 δὲ
1625 1697 1846 1767 μεγέθει

151 1797 252 1841 τοῦ
292 1788 597 1857 ἀξιώματος
649 1786 772 1841 οὐδ’
819 1790 895 1850 εἰς
936 1788 1185 1841 ἐπίνοιαν
1226 1787 1414 1840 ἐλθεῖν
1455 1787 1641 1850 αὐτοῖς
1681 1788 1847 1840 δυνά-

6 1912 12 1917 -
87 1897 130 1929 20
154 1897 335 1946 μενος,
375 1879 712 1946 διεπείραζεν
745 1886 858 1939 πῶς
897 1879 1074 1946 ἔχοιεν
1115 1877 1334 1944 γνώμης
1372 1874 1497 1944 περὶ
1536 1885 1646 1928 τῶν
1687 1877 1847 1929 ὅλων-

153 1967 298 2034 <98>
329 1969 426 2019 τόν
459 1986 514 2018 τε
547 1967 649 2035 γὰρ
685 1975 839 2018 σῖτον
874 1966 1060 2027 αὐτοῖς
1099 1965 1201 2018 οὐκ
1241 1964 1553 2033 ἀπεδίδοτο,
1585 1967 1847 2018 κατασκό-

154 2074 291 2117 πους
337 2074 392 2107 τε
444 2064 554 2107 τῶν
602 2053 869 2123 βασιλέως
915 2054 1249 2124 πραγμάτων
1297 2056 1480 2121 ἔλεγεν
1520 2054 1705 2121 ἥκειν,
1759 2052 1848 2106 καὶ

155 2146 506 2212 πολλαχόθεν
538 2140 639 2212 μὲν
674 2143 875 2205 αὐτοὺς
917 2139 1375 2210 συνεληλυθέναι,
1414 2145 1851 2210 προφασίζεσθαι

161 2229 220 2283 δὲ
274 2229 620 2299 συγγένειαν·
678 2231 743 2284 οὐ
800 2232 903 2300 γὰρ
960 2227 1101 2283 εἶναι
1154 2232 1393 2283 δυνατὸν
1446 2229 1608 2299 ἀνδρὶ
1661 2232 1849 2301 ἰδιώτῃ

92 2338 133 2370 25
159 2321 457 2382 τοσούτους
510 2321 710 2381 παῖδας
772 2318 860 2371 καὶ
925 2320 1019 2381 τὰς
1073 2320 1287 2388 μορφὰς
1342 2318 1514 2380 οὕτως
1570 2318 1851 2387 ἐπιφανεῖς

159 2409 512 2477 ἐκτραφῆναι,
553 2409 827 2461 δυσκόλου
861 2406 949 2459 καὶ
982 2411 1304 2476 βασιλεῦσιν
1338 2407 1506 2474 οὔσης
1536 2414 1629 2474 τῆς
1667 2408 1851 2459 τοιαύ-

158 2517 253 2565 της
284 2498 694 2565 παιδοτροφιάς.
772 2497 916 2563 <99>
948 2492 1084 2565 ὑπὲρ
1128 2493 1188 2548 δὲ
1228 2504 1327 2548 τοῦ
1367 2505 1574 2562 γνῶναι
1613 2495 1678 2546 τὰ
1717 2496 1851 2547 κατὰ

160 2588 257 2639 τὸν
296 2583 501 2654 πατέρα
548 2582 637 2636 καὶ
686 2584 749 2636 τὰ
791 2582 1153 2652 συμβεβηκότ’
1201 2584 1346 2655 αὐτῷ
1390 2584 1522 2651 μετὰ
1562 2584 1661 2650 τὴν
1703 2584 1853 2635 ἰδίαν

161 2674 482 2741 ἀπαλλαγὴν
530 2669 679 2725 ταῦτ’
734 2674 958 2741 ἔπραττε
972 2713 986 2739 ,
1034 2678 1235 2740 μαθεῖν
1283 2692 1337 2723 τε
1387 2674 1724 2740 βουλόμενος
1763 2670 1854 2723 καὶ

95 2779 138 2811 30
161 2764 226 2815 τὰ
264 2760 389 2830 περὶ
426 2759 693 2829 Βενιαμὶν
732 2762 828 2813 τὸν
869 2760 1138 2829 ἀδελφόν·
1182 2760 1379 2812 ἐδεδίει
1418 2760 1521 2827 γὰρ
1563 2761 1634 2828 μὴ
1675 2759 1853 2812 κάκεῖ-

282 2867 306 2916 ξ
342 2867 396 2906 95
423 2884 478 2898 =
504 2861 615 2905 Gen.
648 2861 769 2903 XLII
804 2867 840 2904 1.
