<?xml version="1.0" encoding="UTF-8"?>
<!DOCTYPE html PUBLIC "-//W3C//DTD XHTML 1.0 Transitional//EN"
    "http://www.w3.org/TR/xhtml1/DTD/xhtml1-transitional.dtd">
<html xmlns="http://www.w3.org/1999/xhtml" xml:lang="en" lang="en">
 <head>
  <title>
</title>
<meta http-equiv="Content-Type" content="text/html;charset=utf-8" />
  <meta name='ocr-system' content='tesseract 3.04.00' />
  <meta name='ocr-capabilities' content='ocr_page ocr_carea ocr_par ocr_line ocrx_word'/>
</head>
<body>
  <div class='ocr_page' id='page_1' title='image "./flaviiiosephiope01joseuoft_0104.png"; bbox 0 0 2052 3141; ppageno 0'>
   <div class='ocr_carea' id='block_1_1' title="bbox 202 48 1270 107">
    <p class='ocr_par' dir='ltr' id='par_1_1' title="bbox 202 48 1270 107">
     <span class='ocr_line' id='line_1_1' title="bbox 202 48 1270 107; baseline -0.006 0"><span class='ocrx_word' id='word_1_1' title='bbox 202 57 271 107; x_wconf 86' lang='lat'><strong><em>74</em></strong></span> <span class='ocrx_word' id='word_1_2' title='bbox 815 48 1270 102; x_wconf 72' lang='grc' dir='ltr'><strong><em>ΑΡΧΑΙοΛοΤΙΑΣ</em></strong></span> 
     </span>
    </p>
   </div>
   <div class='ocr_carea' id='block_1_2' title="bbox 101 190 1950 2905">
    <p class='ocr_par' dir='ltr' id='par_1_2' title="bbox 196 190 1886 264">
     <span class='ocr_line' id='line_1_2' title="bbox 196 190 1886 264; baseline 0.001 -20"><span class='ocrx_word' id='word_1_3' title='bbox 196 199 295 244; x_wconf 84' lang='grc' dir='ltr'><strong><em>τοῦ</em></strong></span> <span class='ocrx_word' id='word_1_4' title='bbox 344 190 393 243; x_wconf 81' lang='grc' dir='ltr'><strong><em>δ’</em></strong></span> <span class='ocrx_word' id='word_1_5' title='bbox 441 190 806 254; x_wconf 76' lang='grc' dir='ltr'><strong><em>ἐκτυποῦντος</em></strong></span> <span class='ocrx_word' id='word_1_6' title='bbox 851 191 942 244; x_wconf 83' lang='grc' dir='ltr'><strong><em>καὶ</em></strong></span> <span class='ocrx_word' id='word_1_7' title='bbox 993 194 1093 261; x_wconf 87' lang='grc' dir='ltr'><strong><em>τὴν</em></strong></span> <span class='ocrx_word' id='word_1_8' title='bbox 1133 195 1306 262; x_wconf 74' lang='grc' dir='ltr'><strong><em>ἄλλην</em></strong></span> <span class='ocrx_word' id='word_1_9' title='bbox 1355 196 1514 264; x_wconf 86' lang='grc' dir='ltr'><strong><em>ι’σχὺν</em></strong></span> <span class='ocrx_word' id='word_1_10' title='bbox 1555 192 1886 260; x_wconf 79' lang='grc' dir='ltr'><strong><em>ἐντιθέντος,</em></strong></span> 
     </span>
    </p>

    <p class='ocr_par' dir='ltr' id='par_1_3' title="bbox 196 277 1886 351">
     <span class='ocr_line' id='line_1_3' title="bbox 196 277 1886 351; baseline 0.002 -19"><span class='ocrx_word' id='word_1_11' title='bbox 196 280 441 347; x_wconf 77' lang='grc' dir='ltr'><strong><em>εἰκάζων,</em></strong></span> <span class='ocrx_word' id='word_1_12' title='bbox 478 282 607 342; x_wconf 90' lang='grc' dir='ltr'><strong><em>τοὺς</em></strong></span> <span class='ocrx_word' id='word_1_13' title='bbox 648 277 697 332; x_wconf 81' lang='grc' dir='ltr'><strong><em>δ’</em></strong></span> <span class='ocrx_word' id='word_1_14' title='bbox 745 278 973 349; x_wconf 76' lang='grc' dir='ltr'><strong><em>ἀστέρας</em></strong></span> <span class='ocrx_word' id='word_1_15' title='bbox 1011 291 1126 343; x_wconf 85' lang='grc' dir='ltr'><strong><em>τοῖς</em></strong></span> <span class='ocrx_word' id='word_1_16' title='bbox 1165 281 1445 351; x_wconf 84' lang='grc' dir='ltr'><strong><em>ἀδελφοῖς·</em></strong></span> <span class='ocrx_word' id='word_1_17' title='bbox 1486 280 1576 334; x_wconf 83' lang='grc' dir='ltr'><strong><em>καὶ</em></strong></span> <span class='ocrx_word' id='word_1_18' title='bbox 1616 283 1720 349; x_wconf 78' lang='grc' dir='ltr'><strong><em>γὰρ</em></strong></span> <span class='ocrx_word' id='word_1_19' title='bbox 1761 282 1886 334; x_wconf 88' lang='grc' dir='ltr'><strong><em>τού-</em></strong></span> 
     </span>
    </p>

    <p class='ocr_par' dir='ltr' id='par_1_4' title="bbox 194 365 1886 527">
     <span class='ocr_line' id='line_1_4' title="bbox 197 365 1886 438; baseline 0.001 -18"><span class='ocrx_word' id='word_1_20' title='bbox 197 387 325 430; x_wconf 89' lang='grc' dir='ltr'><strong><em>τους</em></strong></span> <span class='ocrx_word' id='word_1_21' title='bbox 365 368 558 420; x_wconf 77' lang='grc' dir='ltr'><strong><em>ἕνδεκα</em></strong></span> <span class='ocrx_word' id='word_1_22' title='bbox 606 365 749 421; x_wconf 81' lang='grc' dir='ltr'><strong><em>εἶναι</em></strong></span> <span class='ocrx_word' id='word_1_23' title='bbox 788 370 1038 438; x_wconf 75' lang='grc' dir='ltr'><strong><em>καθάπερ</em></strong></span> <span class='ocrx_word' id='word_1_24' title='bbox 1087 369 1175 422; x_wconf 87' lang='grc' dir='ltr'><strong><em>καὶ</em></strong></span> <span class='ocrx_word' id='word_1_25' title='bbox 1215 374 1344 433; x_wconf 89' lang='grc' dir='ltr'><strong><em>τοὺς</em></strong></span> <span class='ocrx_word' id='word_1_26' title='bbox 1383 369 1635 438; x_wconf 78' lang='grc' dir='ltr'><strong><em>ἀστέρας,</em></strong></span> <span class='ocrx_word' id='word_1_27' title='bbox 1683 369 1788 423; x_wconf 90' lang='grc' dir='ltr'><strong><em>ἀπό</em></strong></span> <span class='ocrx_word' id='word_1_28' title='bbox 1829 388 1886 422; x_wconf 89' lang='grc' dir='ltr'><strong><em>τε</em></strong></span> 
     </span>
     <span class='ocr_line' id='line_1_5' title="bbox 194 455 1528 527; baseline 0.002 -19"><span class='ocrx_word' id='word_1_29' title='bbox 194 456 354 523; x_wconf 79' lang='grc' dir='ltr'><strong><em>ἡλίου</em></strong></span> <span class='ocrx_word' id='word_1_30' title='bbox 394 455 484 508; x_wconf 86' lang='grc' dir='ltr'><strong><em>καὶ</em></strong></span> <span class='ocrx_word' id='word_1_31' title='bbox 525 460 756 525; x_wconf 76' lang='grc' dir='ltr'><strong><em>σελήνης</em></strong></span> <span class='ocrx_word' id='word_1_32' title='bbox 794 459 894 526; x_wconf 90' lang='grc' dir='ltr'><strong><em>τὴν</em></strong></span> <span class='ocrx_word' id='word_1_33' title='bbox 936 459 1095 527; x_wconf 85' lang='grc' dir='ltr'><strong><em>ἰσχὺν</em></strong></span> <span class='ocrx_word' id='word_1_34' title='bbox 1136 459 1528 527; x_wconf 77' lang='grc' dir='ltr'><strong><em>λαμβάνοντας.</em></strong></span> 
     </span>
    </p>

    <p class='ocr_par' dir='ltr' id='par_1_5' title="bbox 101 542 1950 2118">
     <span class='ocr_line' id='line_1_6' title="bbox 101 542 1929 615; baseline 0.001 -19"><span class='ocrx_word' id='word_1_35' title='bbox 101 554 163 596; x_wconf 82' lang='grc'><strong><em>’4</em></strong></span> <span class='ocrx_word' id='word_1_36' title='bbox 307 546 449 611; x_wconf 83' lang='lat'>&lt;17&gt;</span> <span class='ocrx_word' id='word_1_37' title='bbox 497 543 587 597; x_wconf 86' lang='grc' dir='ltr'><strong><em>καὶ</em></strong></span> <span class='ocrx_word' id='word_1_38' title='bbox 636 545 663 598; x_wconf 90' lang='grc' dir='ltr'>ὁ</span> <span class='ocrx_word' id='word_1_39' title='bbox 713 542 813 613; x_wconf 74' lang='grc' dir='ltr'><strong><em>μὲν</em></strong></span> <span class='ocrx_word' id='word_1_40' title='bbox 857 543 1112 614; x_wconf 72' lang='grc' dir='ltr'><strong><em>Ἰάκωβος</em></strong></span> <span class='ocrx_word' id='word_1_41' title='bbox 1158 548 1416 615; x_wconf 82' lang='grc' dir='ltr'><strong><em>τοιαύτην</em></strong></span> <span class='ocrx_word' id='word_1_42' title='bbox 1464 546 1564 599; x_wconf 90' lang='grc' dir='ltr'><strong><em>οὐκ</em></strong></span> <span class='ocrx_word' id='word_1_43' title='bbox 1612 545 1929 608; x_wconf 76' lang='grc' dir='ltr'><strong><em>ἀσυνέτωςό</em></strong></span> 
     </span>
     <span class='ocr_line' id='line_1_7' title="bbox 193 633 1886 704; baseline 0.001 -19"><span class='ocrx_word' id='word_1_44' title='bbox 193 640 286 700; x_wconf 84' lang='grc' dir='ltr'><strong><em>τῆς</em></strong></span> <span class='ocrx_word' id='word_1_45' title='bbox 337 634 514 695; x_wconf 80' lang='grc' dir='ltr'><strong><em>ὄψεως</em></strong></span> <span class='ocrx_word' id='word_1_46' title='bbox 564 636 665 702; x_wconf 87' lang='grc' dir='ltr'><strong><em>τὴν</em></strong></span> <span class='ocrx_word' id='word_1_47' title='bbox 716 638 899 702; x_wconf 91' lang='grc' dir='ltr'><strong><em>κρίσιν</em></strong></span> <span class='ocrx_word' id='word_1_48' title='bbox 955 635 1274 704; x_wconf 79' lang='grc' dir='ltr'><strong><em>ἐποιήσατο,</em></strong></span> <span class='ocrx_word' id='word_1_49' title='bbox 1327 638 1456 697; x_wconf 89' lang='grc' dir='ltr'><strong><em>τοὺς</em></strong></span> <span class='ocrx_word' id='word_1_50' title='bbox 1508 633 1555 688; x_wconf 74' lang='grc' dir='ltr'><strong><em>δ”</em></strong></span> <span class='ocrx_word' id='word_1_51' title='bbox 1611 635 1886 702; x_wconf 86' lang='grc' dir='ltr'><strong><em>ἀδελφοὺς</em></strong></span> 
     </span>
     <span class='ocr_line' id='line_1_8' title="bbox 193 719 1882 794; baseline 0.002 -21"><span class='ocrx_word' id='word_1_52' title='bbox 193 730 292 774; x_wconf 88' lang='grc' dir='ltr'><strong><em>τοῦ</em></strong></span> <span class='ocrx_word' id='word_1_53' title='bbox 342 719 608 794; x_wconf 86' lang='grc' dir='ltr'><strong><em>Ἰωσήπου</em></strong></span> <span class='ocrx_word' id='word_1_54' title='bbox 665 721 862 791; x_wconf 82' lang='grc' dir='ltr'><strong><em>σφόδρ’</em></strong></span> <span class='ocrx_word' id='word_1_55' title='bbox 929 723 1162 792; x_wconf 82' lang='grc' dir='ltr'><strong><em>ἐλύπησε</em></strong></span> <span class='ocrx_word' id='word_1_56' title='bbox 1219 725 1282 777; x_wconf 79' lang='grc' dir='ltr'><strong><em>τὰ</em></strong></span> <span class='ocrx_word' id='word_1_57' title='bbox 1338 722 1739 792; x_wconf 87' lang='grc' dir='ltr'><strong><em>προειρημένα,</em></strong></span> <span class='ocrx_word' id='word_1_58' title='bbox 1793 721 1882 776; x_wconf 85' lang='grc' dir='ltr'><strong><em>καὶ</em></strong></span> 
     </span>
     <span class='ocr_line' id='line_1_9' title="bbox 195 808 1884 884; baseline 0.002 -23"><span class='ocrx_word' id='word_1_59' title='bbox 195 808 521 878; x_wconf 78' lang='grc' dir='ltr'><strong><em>διετέθησαν</em></strong></span> <span class='ocrx_word' id='word_1_60' title='bbox 570 811 642 872; x_wconf 87' lang='grc' dir='ltr'><strong><em>ὡς</em></strong></span> <span class='ocrx_word' id='word_1_61' title='bbox 688 808 770 863; x_wconf 85' lang='grc' dir='ltr'><strong><em>ἐπ’</em></strong></span> <span class='ocrx_word' id='word_1_62' title='bbox 819 810 1088 884; x_wconf 79' lang='grc' dir='ltr'><strong><em>ἀλλοτρίῳ</em></strong></span> <span class='ocrx_word' id='word_1_63' title='bbox 1137 811 1243 865; x_wconf 83' lang='grc' dir='ltr'><strong><em>τινὶ</em></strong></span> <span class='ocrx_word' id='word_1_64' title='bbox 1296 811 1549 881; x_wconf 89' lang='grc' dir='ltr'><strong><em>μέλλοντι</em></strong></span> <span class='ocrx_word' id='word_1_65' title='bbox 1590 814 1652 865; x_wconf 85' lang='grc' dir='ltr'><strong><em>τὰ</em></strong></span> <span class='ocrx_word' id='word_1_66' title='bbox 1694 828 1884 880; x_wconf 87' lang='grc' dir='ltr'><strong><em>σημαι-</em></strong></span> 
     </span>
     <span class='ocr_line' id='line_1_10' title="bbox 194 898 1884 968; baseline 0.001 -18"><span class='ocrx_word' id='word_1_67' title='bbox 194 900 402 966; x_wconf 88' lang='grc' dir='ltr'><strong><em>νόμενα</em></strong></span> <span class='ocrx_word' id='word_1_68' title='bbox 459 899 549 950; x_wconf 80' lang='grc' dir='ltr'><strong><em>διὰ</em></strong></span> <span class='ocrx_word' id='word_1_69' title='bbox 608 908 717 951; x_wconf 84' lang='grc' dir='ltr'><strong><em>τῶν</em></strong></span> <span class='ocrx_word' id='word_1_70' title='bbox 781 899 1080 967; x_wconf 75' lang='grc' dir='ltr'><strong><em>ὀνειράτων</em></strong></span> <span class='ocrx_word' id='word_1_71' title='bbox 1135 900 1319 968; x_wconf 79' lang='grc' dir='ltr'><strong><em>ἀγαθὰ</em></strong></span> <span class='ocrx_word' id='word_1_72' title='bbox 1374 900 1542 968; x_wconf 77' lang='grc' dir='ltr'><strong><em>ἕξειν,</em></strong></span> <span class='ocrx_word' id='word_1_73' title='bbox 1605 898 1720 952; x_wconf 84' lang='grc' dir='ltr'><strong><em>ἀλλ’</em></strong></span> <span class='ocrx_word' id='word_1_74' title='bbox 1785 900 1884 952; x_wconf 85' lang='grc' dir='ltr'><strong><em>οὐκ</em></strong></span> 
     </span>
     <span class='ocr_line' id='line_1_11' title="bbox 194 982 1950 1057; baseline 0.002 -20"><span class='ocrx_word' id='word_1_75' title='bbox 194 985 437 1057; x_wconf 76' lang='grc' dir='ltr'><strong><em>ἀδελφῷ,</em></strong></span> <span class='ocrx_word' id='word_1_76' title='bbox 477 985 567 1038; x_wconf 84' lang='grc' dir='ltr'><strong><em>καὶ</em></strong></span> <span class='ocrx_word' id='word_1_77' title='bbox 609 982 685 1039; x_wconf 82' lang='grc' dir='ltr'><strong><em>ὧν</em></strong></span> <span class='ocrx_word' id='word_1_78' title='bbox 727 991 1170 1041; x_wconf 84' lang='grc' dir='ltr'><strong><em>συναπολαύσειν</em></strong></span> <span class='ocrx_word' id='word_1_79' title='bbox 1212 990 1411 1052; x_wconf 86' lang='grc' dir='ltr'><strong><em>αὐτοὺς</em></strong></span> <span class='ocrx_word' id='word_1_80' title='bbox 1452 991 1595 1051; x_wconf 78' lang='grc' dir='ltr'><strong><em>εἰκὸς</em></strong></span> <span class='ocrx_word' id='word_1_81' title='bbox 1638 985 1732 1056; x_wconf 82' lang='grc' dir='ltr'><strong><em>ἦν,</em></strong></span> <span class='ocrx_word' id='word_1_82' title='bbox 1771 1009 1883 1041; x_wconf 87' lang='grc' dir='ltr'><strong><em>κοι-</em></strong></span> <span class='ocrx_word' id='word_1_83' title='bbox 1910 1005 1950 1036; x_wconf 85' lang='lat'><strong><em>10</em></strong></span> 
     </span>
     <span class='ocr_line' id='line_1_12' title="bbox 192 1075 1884 1146; baseline 0.001 -19"><span class='ocrx_word' id='word_1_84' title='bbox 192 1078 407 1137; x_wconf 89' lang='grc' dir='ltr'><strong><em>νωνοὺς</em></strong></span> <span class='ocrx_word' id='word_1_85' title='bbox 461 1076 533 1137; x_wconf 87' lang='grc' dir='ltr'><strong><em>ὡς</em></strong></span> <span class='ocrx_word' id='word_1_86' title='bbox 587 1083 680 1142; x_wconf 81' lang='grc' dir='ltr'><strong><em>τῆς</em></strong></span> <span class='ocrx_word' id='word_1_87' title='bbox 734 1075 997 1143; x_wconf 80' lang='grc' dir='ltr'><strong><em>γενέσεως</em></strong></span> <span class='ocrx_word' id='word_1_88' title='bbox 1052 1078 1193 1131; x_wconf 82' lang='grc' dir='ltr'><strong><em>οὕτω</em></strong></span> <span class='ocrx_word' id='word_1_89' title='bbox 1243 1077 1332 1130; x_wconf 86' lang='grc' dir='ltr'><strong><em>καὶ</em></strong></span> <span class='ocrx_word' id='word_1_90' title='bbox 1388 1086 1480 1146; x_wconf 85' lang='grc' dir='ltr'><strong><em>τῆς</em></strong></span> <span class='ocrx_word' id='word_1_91' title='bbox 1531 1077 1884 1145; x_wconf 82' lang='grc' dir='ltr'><strong><em>εὐδαιμονίας</em></strong></span> 
     </span>
     <span class='ocr_line' id='line_1_13' title="bbox 194 1162 1881 1234; baseline 0.002 -19"><span class='ocrx_word' id='word_1_92' title='bbox 194 1162 510 1231; x_wconf 83' lang='grc' dir='ltr'><strong><em>ἐσομένους·</em></strong></span> <span class='ocrx_word' id='word_1_93' title='bbox 560 1164 702 1230; x_wconf 83' lang='grc'>&lt;18&gt;</span> <span class='ocrx_word' id='word_1_94' title='bbox 753 1164 967 1217; x_wconf 82' lang='grc' dir='ltr'><strong><em>ἀνελεῖν</em></strong></span> <span class='ocrx_word' id='word_1_95' title='bbox 1016 1185 1069 1218; x_wconf 90' lang='grc' dir='ltr'><strong><em>τε</em></strong></span> <span class='ocrx_word' id='word_1_96' title='bbox 1121 1167 1443 1234; x_wconf 73' lang='grc' dir='ltr'><strong><em>ὡρμήκεσαν</em></strong></span> <span class='ocrx_word' id='word_1_97' title='bbox 1484 1167 1542 1218; x_wconf 89' lang='grc' dir='ltr'><strong><em>τὸ</em></strong></span> <span class='ocrx_word' id='word_1_98' title='bbox 1584 1167 1881 1233; x_wconf 70' lang='grc' dir='ltr'><strong><em>μειράκιον.</em></strong></span> 
     </span>
     <span class='ocr_line' id='line_1_14' title="bbox 192 1250 1883 1323; baseline 0.001 -19"><span class='ocrx_word' id='word_1_99' title='bbox 192 1250 281 1304; x_wconf 83' lang='grc' dir='ltr'><strong><em>καὶ</em></strong></span> <span class='ocrx_word' id='word_1_100' title='bbox 322 1253 524 1320; x_wconf 88' lang='grc' dir='ltr'><strong><em>ταύτην</em></strong></span> <span class='ocrx_word' id='word_1_101' title='bbox 565 1254 910 1320; x_wconf 83' lang='grc' dir='ltr'><strong><em>κυρώσαντες</em></strong></span> <span class='ocrx_word' id='word_1_102' title='bbox 950 1256 1049 1322; x_wconf 83' lang='grc' dir='ltr'><strong><em>τὴν</em></strong></span> <span class='ocrx_word' id='word_1_103' title='bbox 1091 1258 1321 1323; x_wconf 80' lang='grc' dir='ltr'><strong><em>βουλήν,</em></strong></span> <span class='ocrx_word' id='word_1_104' title='bbox 1362 1253 1473 1306; x_wconf 79' lang='grc' dir='ltr'><strong><em>ἐπεὶ</em></strong></span> <span class='ocrx_word' id='word_1_105' title='bbox 1518 1255 1581 1306; x_wconf 79' lang='grc' dir='ltr'><strong><em>τὰ</em></strong></span> <span class='ocrx_word' id='word_1_106' title='bbox 1621 1262 1713 1321; x_wconf 81' lang='grc' dir='ltr'><strong><em>τῆς</em></strong></span> <span class='ocrx_word' id='word_1_107' title='bbox 1753 1270 1883 1321; x_wconf 84' lang='grc' dir='ltr'><strong><em>συγ-</em></strong></span> 
     </span>
     <span class='ocr_line' id='line_1_15' title="bbox 192 1340 1883 1412; baseline 0.002 -20"><span class='ocrx_word' id='word_1_108' title='bbox 192 1342 419 1408; x_wconf 87' lang='grc' dir='ltr'><strong><em>κομιδῆς</em></strong></span> <span class='ocrx_word' id='word_1_109' title='bbox 475 1341 660 1404; x_wconf 84' lang='grc' dir='ltr'><strong><em>αὐτοϊς</em></strong></span> <span class='ocrx_word' id='word_1_110' title='bbox 714 1341 880 1408; x_wconf 83' lang='grc' dir='ltr'><strong><em>πέρας</em></strong></span> <span class='ocrx_word' id='word_1_111' title='bbox 927 1340 1103 1412; x_wconf 71' lang='grc' dir='ltr'><strong><em>εἶχεν,</em></strong></span> <span class='ocrx_word' id='word_1_112' title='bbox 1162 1342 1242 1395; x_wconf 77' lang='grc' dir='ltr'><strong><em>ἐπὶ</em></strong></span> <span class='ocrx_word' id='word_1_113' title='bbox 1297 1347 1547 1411; x_wconf 78' lang='grc' dir='ltr'><strong><em>Σικίμων</em></strong></span> <span class='ocrx_word' id='word_1_114' title='bbox 1595 1342 1883 1409; x_wconf 81' lang='grc' dir='ltr'><strong><em>τραπέντες</em></strong></span> 
     </span>
     <span class='ocr_line' id='line_1_16' title="bbox 193 1428 1947 1499; baseline 0.001 -18"><span class='ocrx_word' id='word_1_115' title='bbox 193 1428 363 1499; x_wconf 84' lang='grc' dir='ltr'><strong><em>(χώρα</em></strong></span> <span class='ocrx_word' id='word_1_116' title='bbox 419 1428 466 1481; x_wconf 86' lang='grc' dir='ltr'><strong><em>δ’</em></strong></span> <span class='ocrx_word' id='word_1_117' title='bbox 530 1428 679 1482; x_wconf 86' lang='grc' dir='ltr'><strong><em>ἐστὶν</em></strong></span> <span class='ocrx_word' id='word_1_118' title='bbox 743 1431 876 1499; x_wconf 80' lang='grc' dir='ltr'><strong><em>αὕτη</em></strong></span> <span class='ocrx_word' id='word_1_119' title='bbox 935 1435 1155 1499; x_wconf 78' lang='grc' dir='ltr'><strong><em>βόσκειν</em></strong></span> <span class='ocrx_word' id='word_1_120' title='bbox 1213 1431 1394 1499; x_wconf 75' lang='grc' dir='ltr'><strong><em>ἀγαθὴ</em></strong></span> <span class='ocrx_word' id='word_1_121' title='bbox 1451 1430 1737 1499; x_wconf 84' lang='grc' dir='ltr'><strong><em>θρέμματα</em></strong></span> <span class='ocrx_word' id='word_1_122' title='bbox 1792 1431 1877 1483; x_wconf 77' lang='grc' dir='ltr'><strong><em>καὶ</em></strong></span> <span class='ocrx_word' id='word_1_123' title='bbox 1908 1447 1947 1479; x_wconf 85' lang='lat'><strong><em>15</em></strong></span> 
     </span>
     <span class='ocr_line' id='line_1_17' title="bbox 195 1517 1881 1588; baseline 0.003 -19"><span class='ocrx_word' id='word_1_124' title='bbox 195 1519 362 1585; x_wconf 78' lang='grc' dir='ltr'><strong><em>νομὰς</em></strong></span> <span class='ocrx_word' id='word_1_125' title='bbox 410 1517 715 1588; x_wconf 81' lang='grc' dir='ltr'><strong><em>ἐκτρέφειν)</em></strong></span> <span class='ocrx_word' id='word_1_126' title='bbox 765 1519 962 1572; x_wconf 84' lang='grc' dir='ltr'><strong><em>αὐτόθι.</em></strong></span> <span class='ocrx_word' id='word_1_127' title='bbox 1019 1530 1126 1572; x_wconf 83' lang='grc' dir='ltr'><strong><em>τῶν</em></strong></span> <span class='ocrx_word' id='word_1_128' title='bbox 1180 1524 1452 1588; x_wconf 80' lang='grc' dir='ltr'><strong><em>ποιμνίων</em></strong></span> <span class='ocrx_word' id='word_1_129' title='bbox 1501 1520 1881 1588; x_wconf 84' lang='grc' dir='ltr'><strong><em>ἐπεμελοῦντο,</em></strong></span> 
     </span>
     <span class='ocr_line' id='line_1_18' title="bbox 191 1608 1878 1678; baseline 0.003 -21"><span class='ocrx_word' id='word_1_130' title='bbox 191 1608 262 1673; x_wconf 80' lang='grc' dir='ltr'><strong><em>μὴ</em></strong></span> <span class='ocrx_word' id='word_1_131' title='bbox 304 1608 759 1674; x_wconf 81' lang='grc' dir='ltr'><strong><em>προδηλώσαντες</em></strong></span> <span class='ocrx_word' id='word_1_132' title='bbox 793 1616 864 1678; x_wconf 78' lang='grc' dir='ltr'><strong><em>τῷ</em></strong></span> <span class='ocrx_word' id='word_1_133' title='bbox 900 1608 1058 1674; x_wconf 84' lang='grc' dir='ltr'><strong><em>πατρὶ</em></strong></span> <span class='ocrx_word' id='word_1_134' title='bbox 1103 1611 1201 1676; x_wconf 84' lang='grc' dir='ltr'><strong><em>τὴν</em></strong></span> <span class='ocrx_word' id='word_1_135' title='bbox 1244 1608 1411 1661; x_wconf 82' lang='grc' dir='ltr'><strong><em>ἐκεῖσε</em></strong></span> <span class='ocrx_word' id='word_1_136' title='bbox 1454 1610 1656 1676; x_wconf 69' lang='grc' dir='ltr'><strong><em>ἄφιξιν.</em></strong></span> <span class='ocrx_word' id='word_1_137' title='bbox 1736 1611 1878 1675; x_wconf 54' lang='grc'><strong><em>(19)</em></strong></span> 
     </span>
     <span class='ocr_line' id='line_1_19' title="bbox 193 1692 1881 1765; baseline 0.002 -19"><span class='ocrx_word' id='word_1_138' title='bbox 193 1694 220 1747; x_wconf 89' lang='grc' dir='ltr'>ὃ</span> <span class='ocrx_word' id='word_1_139' title='bbox 264 1692 312 1747; x_wconf 83' lang='grc' dir='ltr'><strong><em>δ’</em></strong></span> <span class='ocrx_word' id='word_1_140' title='bbox 352 1695 457 1747; x_wconf 85' lang='grc' dir='ltr'><strong><em>ὑπὸ</em></strong></span> <span class='ocrx_word' id='word_1_141' title='bbox 499 1704 590 1762; x_wconf 82' lang='grc' dir='ltr'><strong><em>τῆς</em></strong></span> <span class='ocrx_word' id='word_1_142' title='bbox 623 1695 848 1762; x_wconf 80' lang='grc' dir='ltr'><strong><em>ἀγνοίας</em></strong></span> <span class='ocrx_word' id='word_1_143' title='bbox 880 1695 964 1748; x_wconf 79' lang='grc' dir='ltr'><strong><em>καὶ</em></strong></span> <span class='ocrx_word' id='word_1_144' title='bbox 1011 1706 1108 1750; x_wconf 86' lang='grc' dir='ltr'><strong><em>τοῦ</em></strong></span> <span class='ocrx_word' id='word_1_145' title='bbox 1149 1695 1273 1765; x_wconf 85' lang='grc' dir='ltr'><strong><em>μηδ’</em></strong></span> <span class='ocrx_word' id='word_1_146' title='bbox 1314 1697 1418 1749; x_wconf 83' lang='grc' dir='ltr'><strong><em>ἀπὸ</em></strong></span> <span class='ocrx_word' id='word_1_147' title='bbox 1461 1707 1568 1749; x_wconf 86' lang='grc' dir='ltr'><strong><em>τῶν</em></strong></span> <span class='ocrx_word' id='word_1_148' title='bbox 1608 1701 1881 1765; x_wconf 83' lang='grc' dir='ltr'><strong><em>ποιμνίων</em></strong></span> 
     </span>
     <span class='ocr_line' id='line_1_20' title="bbox 189 1783 1878 1856; baseline 0.001 -21"><span class='ocrx_word' id='word_1_149' title='bbox 189 1786 325 1849; x_wconf 88' lang='grc' dir='ltr'><strong><em>πρὸς</em></strong></span> <span class='ocrx_word' id='word_1_150' title='bbox 358 1783 526 1835; x_wconf 85' lang='grc' dir='ltr'><strong><em>αὐτὸν</em></strong></span> <span class='ocrx_word' id='word_1_151' title='bbox 559 1783 852 1851; x_wconf 77' lang='grc' dir='ltr'><strong><em>ἀφικέσθαι</em></strong></span> <span class='ocrx_word' id='word_1_152' title='bbox 891 1787 1011 1836; x_wconf 77' lang='grc' dir='ltr'><strong><em>τινὰ</em></strong></span> <span class='ocrx_word' id='word_1_153' title='bbox 1046 1788 1139 1837; x_wconf 83' lang='grc' dir='ltr'><strong><em>τον</em></strong></span> <span class='ocrx_word' id='word_1_154' title='bbox 1173 1784 1293 1851; x_wconf 85' lang='grc' dir='ltr'><strong><em>περὶ</em></strong></span> <span class='ocrx_word' id='word_1_155' title='bbox 1332 1795 1440 1837; x_wconf 87' lang='grc' dir='ltr'><strong><em>τῶν</em></strong></span> <span class='ocrx_word' id='word_1_156' title='bbox 1480 1789 1693 1837; x_wconf 80' lang='grc' dir='ltr'><strong><em>παίδων</em></strong></span> <span class='ocrx_word' id='word_1_157' title='bbox 1733 1785 1878 1856; x_wconf 77' lang='grc' dir='ltr'><strong><em>αὐτῷ</em></strong></span> 
     </span>
     <span class='ocr_line' id='line_1_21' title="bbox 190 1869 1949 1941; baseline 0.002 -18"><span class='ocrx_word' id='word_1_158' title='bbox 190 1869 427 1940; x_wconf 74' lang='grc' dir='ltr'><strong><em>τάληθὲς</em></strong></span> <span class='ocrx_word' id='word_1_159' title='bbox 452 1876 740 1940; x_wconf 88' lang='grc' dir='ltr'><strong><em>σημαίνειν</em></strong></span> <span class='ocrx_word' id='word_1_160' title='bbox 772 1874 1102 1941; x_wconf 71' lang='grc' dir='ltr'><strong><em>δυνάμενον,</em></strong></span> <span class='ocrx_word' id='word_1_161' title='bbox 1144 1873 1608 1940; x_wconf 79' lang='grc' dir='ltr'><strong><em>σκνθρωποτέραν</em></strong></span> <span class='ocrx_word' id='word_1_162' title='bbox 1636 1876 1732 1940; x_wconf 85' lang='grc' dir='ltr'><strong><em>τὴν</em></strong></span> <span class='ocrx_word' id='word_1_163' title='bbox 1757 1872 1877 1940; x_wconf 78' lang='grc' dir='ltr'><strong><em>περὶ</em></strong></span> <span class='ocrx_word' id='word_1_164' title='bbox 1907 1888 1949 1920; x_wconf 73' lang='lat'><strong><em>20</em></strong></span> 
     </span>
     <span class='ocr_line' id='line_1_22' title="bbox 191 1959 1880 2030; baseline 0.001 -19"><span class='ocrx_word' id='word_1_165' title='bbox 191 1959 372 2011; x_wconf 84' lang='grc' dir='ltr'><strong><em>αὐτῶν</em></strong></span> <span class='ocrx_word' id='word_1_166' title='bbox 407 1961 659 2013; x_wconf 74' lang='grc' dir='ltr'><strong><em>διάνοιαν</em></strong></span> <span class='ocrx_word' id='word_1_167' title='bbox 694 1963 988 2029; x_wconf 76' lang='grc' dir='ltr'><strong><em>λαμβάνων</em></strong></span> <span class='ocrx_word' id='word_1_168' title='bbox 1022 1962 1106 2014; x_wconf 76' lang='grc' dir='ltr'><strong><em>καὶ</em></strong></span> <span class='ocrx_word' id='word_1_169' title='bbox 1143 1965 1395 2030; x_wconf 79' lang='grc' dir='ltr'><strong><em>περιδεὴς</em></strong></span> <span class='ocrx_word' id='word_1_170' title='bbox 1435 1963 1511 2013; x_wconf 83' lang='grc' dir='ltr'><strong><em>ὢν</em></strong></span> <span class='ocrx_word' id='word_1_171' title='bbox 1551 1961 1739 2029; x_wconf 76' lang='grc' dir='ltr'><strong><em>πέμπει</em></strong></span> <span class='ocrx_word' id='word_1_172' title='bbox 1786 1965 1880 2014; x_wconf 83' lang='grc' dir='ltr'><strong><em>τον</em></strong></span> 
     </span>
     <span class='ocr_line' id='line_1_23' title="bbox 187 2045 1879 2118; baseline 0.001 -18"><span class='ocrx_word' id='word_1_173' title='bbox 187 2045 450 2116; x_wconf 85' lang='grc' dir='ltr'><strong><em>Ἰώσηπον</em></strong></span> <span class='ocrx_word' id='word_1_174' title='bbox 506 2051 582 2110; x_wconf 71' lang='grc' dir='ltr'><strong><em>εἰς</em></strong></span> <span class='ocrx_word' id='word_1_175' title='bbox 636 2051 699 2101; x_wconf 79' lang='grc' dir='ltr'><strong><em>τὰ</em></strong></span> <span class='ocrx_word' id='word_1_176' title='bbox 753 2053 979 2118; x_wconf 86' lang='grc' dir='ltr'><strong><em>ποίμνια</em></strong></span> <span class='ocrx_word' id='word_1_177' title='bbox 1035 2054 1426 2118; x_wconf 82' lang='grc' dir='ltr'><strong><em>μαθησόμενον</em></strong></span> <span class='ocrx_word' id='word_1_178' title='bbox 1483 2052 1544 2102; x_wconf 84' lang='grc' dir='ltr'><strong><em>τὰ</em></strong></span> <span class='ocrx_word' id='word_1_179' title='bbox 1592 2049 1710 2116; x_wconf 76' lang='grc' dir='ltr'><strong><em>περὶ</em></strong></span> <span class='ocrx_word' id='word_1_180' title='bbox 1772 2061 1879 2103; x_wconf 88' lang='grc' dir='ltr'><strong><em>τῶν</em></strong></span> 
     </span>
    </p>

    <p class='ocr_par' dir='ltr' id='par_1_6' title="bbox 131 2134 1945 2823">
     <span class='ocr_line' id='line_1_24' title="bbox 131 2134 1877 2206; baseline 0.002 -20"><span class='ocrx_word' id='word_1_181' title='bbox 131 2134 164 2185; x_wconf 86' lang='lat'>3</span> <span class='ocrx_word' id='word_1_182' title='bbox 191 2136 475 2205; x_wconf 86' lang='grc' dir='ltr'><strong><em>ἀδελφῶν,</em></strong></span> <span class='ocrx_word' id='word_1_183' title='bbox 523 2137 607 2189; x_wconf 77' lang='grc' dir='ltr'><strong><em>καὶ</em></strong></span> <span class='ocrx_word' id='word_1_184' title='bbox 659 2141 714 2189; x_wconf 87' lang='grc' dir='ltr'><strong><em>τί</em></strong></span> <span class='ocrx_word' id='word_1_185' title='bbox 756 2139 1043 2204; x_wconf 73' lang='grc' dir='ltr'><strong><em>πράττοιεν</em></strong></span> <span class='ocrx_word' id='word_1_186' title='bbox 1093 2148 1458 2206; x_wconf 79' lang='grc' dir='ltr'><strong><em>σημανοῦντα.</em></strong></span> <span class='ocrx_word' id='word_1_187' title='bbox 1573 2141 1676 2191; x_wconf 52' lang='grc'><strong><em>203</em></strong></span> <span class='ocrx_word' id='word_1_188' title='bbox 1718 2142 1774 2191; x_wconf 73' lang='grc' dir='ltr'><strong><em>οἳ</em></strong></span> <span class='ocrx_word' id='word_1_189' title='bbox 1818 2136 1877 2191; x_wconf 73' lang='grc' dir='ltr'><strong><em>δὲ</em></strong></span> 
     </span>
     <span class='ocr_line' id='line_1_25' title="bbox 189 2223 1877 2295; baseline 0.002 -19"><span class='ocrx_word' id='word_1_190' title='bbox 189 2228 284 2277; x_wconf 84' lang='grc' dir='ltr'><strong><em>τὸν</em></strong></span> <span class='ocrx_word' id='word_1_191' title='bbox 325 2225 569 2294; x_wconf 79' lang='grc' dir='ltr'><strong><em>ἀδελφὸν</em></strong></span> <span class='ocrx_word' id='word_1_192' title='bbox 610 2226 681 2288; x_wconf 84' lang='grc' dir='ltr'><strong><em>ὡς</em></strong></span> <span class='ocrx_word' id='word_1_193' title='bbox 721 2223 872 2279; x_wconf 80' lang='grc' dir='ltr'><strong><em>εἶδον</em></strong></span> <span class='ocrx_word' id='word_1_194' title='bbox 912 2230 1047 2293; x_wconf 78' lang='grc' dir='ltr'><strong><em>πρὸς</em></strong></span> <span class='ocrx_word' id='word_1_195' title='bbox 1087 2227 1286 2288; x_wconf 76' lang='grc' dir='ltr'><strong><em>αὐτοὺς</em></strong></span> <span class='ocrx_word' id='word_1_196' title='bbox 1326 2225 1657 2294; x_wconf 64' lang='grc' dir='ltr'><strong><em>(ἓιγιγμείἰηι.</em></strong></span> <span class='ocrx_word' id='word_1_197' title='bbox 1709 2228 1877 2295; x_wconf 71' lang='grc' dir='ltr'><strong><em>ἤσθη-</em></strong></span> 
     </span>
     <span class='ocr_line' id='line_1_26' title="bbox 190 2312 1945 2385; baseline 0.001 -21"><span class='ocrx_word' id='word_1_198' title='bbox 190 2328 292 2365; x_wconf 91' lang='grc' dir='ltr'><strong><em>σαν</em></strong></span> <span class='ocrx_word' id='word_1_199' title='bbox 326 2313 444 2381; x_wconf 84' lang='grc' dir='ltr'><strong><em>μέν,</em></strong></span> <span class='ocrx_word' id='word_1_200' title='bbox 486 2312 603 2366; x_wconf 78' lang='grc' dir='ltr'><strong><em>ἀλλ’</em></strong></span> <span class='ocrx_word' id='word_1_201' title='bbox 636 2315 734 2383; x_wconf 81' lang='grc' dir='ltr'><strong><em>οὐχ</em></strong></span> <span class='ocrx_word' id='word_1_202' title='bbox 778 2316 849 2376; x_wconf 83' lang='grc' dir='ltr'><strong><em>ὡς</em></strong></span> <span class='ocrx_word' id='word_1_203' title='bbox 890 2313 969 2366; x_wconf 79' lang='grc' dir='ltr'><strong><em>ἐπ’</em></strong></span> <span class='ocrx_word' id='word_1_204' title='bbox 1010 2317 1215 2367; x_wconf 85' lang='grc' dir='ltr'><strong><em>οίκειόν</em></strong></span> <span class='ocrx_word' id='word_1_205' title='bbox 1248 2319 1521 2385; x_wconf 76' lang='grc' dir='ltr'><strong><em>παρουσία</em></strong></span> <span class='ocrx_word' id='word_1_206' title='bbox 1558 2314 1641 2367; x_wconf 73' lang='grc' dir='ltr'><strong><em>καὶ</em></strong></span> <span class='ocrx_word' id='word_1_207' title='bbox 1678 2318 1878 2382; x_wconf 70' lang='grc' dir='ltr'><strong><em>πατρὸς</em></strong></span> <span class='ocrx_word' id='word_1_208' title='bbox 1904 2329 1945 2358; x_wconf 71' lang='lat'><strong><em>2⁵</em></strong></span> 
     </span>
     <span class='ocr_line' id='line_1_27' title="bbox 192 2401 1876 2472; baseline 0.002 -20"><span class='ocrx_word' id='word_1_209' title='bbox 192 2401 606 2463; x_wconf 76' lang='grc' dir='ltr'><strong><em>ἀπεσταλκότος,</em></strong></span> <span class='ocrx_word' id='word_1_210' title='bbox 647 2401 765 2454; x_wconf 79' lang='grc' dir='ltr'><strong><em>ἀλλ’</em></strong></span> <span class='ocrx_word' id='word_1_211' title='bbox 808 2404 879 2464; x_wconf 81' lang='grc' dir='ltr'><strong><em>ὡς</em></strong></span> <span class='ocrx_word' id='word_1_212' title='bbox 912 2401 992 2454; x_wconf 79' lang='grc' dir='ltr'><strong><em>ἐπ’</em></strong></span> <span class='ocrx_word' id='word_1_213' title='bbox 1034 2403 1240 2471; x_wconf 75' lang='grc' dir='ltr'><strong><em>ε’χθροῐ·</em></strong></span> <span class='ocrx_word' id='word_1_214' title='bbox 1281 2402 1364 2454; x_wconf 78' lang='grc' dir='ltr'><strong><em>καὶ</em></strong></span> <span class='ocrx_word' id='word_1_215' title='bbox 1411 2413 1524 2465; x_wconf 75' lang='grc' dir='ltr'><strong><em>ταῖς</em></strong></span> <span class='ocrx_word' id='word_1_216' title='bbox 1556 2404 1742 2472; x_wconf 73' lang='grc' dir='ltr'><strong><em>χερσὶν</em></strong></span> <span class='ocrx_word' id='word_1_217' title='bbox 1783 2405 1876 2455; x_wconf 76' lang='grc' dir='ltr'><strong><em>αι’·-</em></strong></span> 
     </span>
     <span class='ocr_line' id='line_1_28' title="bbox 189 2491 1869 2558; baseline 0.002 -18"><span class='ocrx_word' id='word_1_218' title='bbox 189 2499 298 2541; x_wconf 87' lang='grc' dir='ltr'><strong><em>τῶν</em></strong></span> <span class='ocrx_word' id='word_1_219' title='bbox 346 2491 478 2541; x_wconf 76' lang='grc' dir='ltr'><strong><em>κατα</em></strong></span> <span class='ocrx_word' id='word_1_220' title='bbox 526 2494 688 2542; x_wconf 81' lang='grc' dir='ltr'><strong><em>θείαν</em></strong></span> <span class='ocrx_word' id='word_1_221' title='bbox 741 2493 1009 2558; x_wconf 75' lang='grc' dir='ltr'><strong><em>βούλησιν</em></strong></span> <span class='ocrx_word' id='word_1_222' title='bbox 1049 2491 1486 2557; x_wconf 53' lang='grc' dir='ltr'><strong><em>παραδοθέντος,</em></strong></span> <span class='ocrx_word' id='word_1_223' title='bbox 1537 2491 1785 2558; x_wconf 73' lang='grc' dir='ltr'><strong><em>ἀναιρεῖν</em></strong></span> <span class='ocrx_word' id='word_1_224' title='bbox 1828 2491 1869 2544; x_wconf 84' lang='grc' dir='ltr'><strong><em>τ’</em></strong></span> 
     </span>
     <span class='ocr_line' id='line_1_29' title="bbox 194 2577 1876 2647; baseline 0.001 -18"><span class='ocrx_word' id='word_1_225' title='bbox 194 2579 292 2645; x_wconf 77' lang='grc' dir='ltr'><strong><em>ἤδη</em></strong></span> <span class='ocrx_word' id='word_1_226' title='bbox 335 2577 422 2629; x_wconf 79' lang='grc' dir='ltr'><strong><em>καὶ</em></strong></span> <span class='ocrx_word' id='word_1_227' title='bbox 463 2580 535 2645; x_wconf 85' lang='grc' dir='ltr'><strong><em>μὴ</em></strong></span> <span class='ocrx_word' id='word_1_228' title='bbox 576 2581 671 2631; x_wconf 83' lang='grc' dir='ltr'><strong><em>τὸν</em></strong></span> <span class='ocrx_word' id='word_1_229' title='bbox 714 2579 772 2631; x_wconf 78' lang='grc' dir='ltr'><strong><em>ἐν</em></strong></span> <span class='ocrx_word' id='word_1_230' title='bbox 812 2578 976 2631; x_wconf 77' lang='grc' dir='ltr'><strong><em>ποσὶν</em></strong></span> <span class='ocrx_word' id='word_1_231' title='bbox 1017 2579 1418 2647; x_wconf 77' lang='grc' dir='ltr'><strong><em>ὑπερβαλέσθαι</em></strong></span> <span class='ocrx_word' id='word_1_232' title='bbox 1465 2583 1656 2646; x_wconf 83' lang='grc' dir='ltr'><strong><em>καιρὸν</em></strong></span> <span class='ocrx_word' id='word_1_233' title='bbox 1697 2581 1876 2647; x_wconf 73' lang='grc' dir='ltr'><strong><em>ὡρμή-</em></strong></span> 
     </span>
     <span class='ocr_line' id='line_1_30' title="bbox 189 2665 1877 2736; baseline 0.002 -20"><span class='ocrx_word' id='word_1_234' title='bbox 189 2681 369 2717; x_wconf 88' lang='grc' dir='ltr'><strong><em>κεσαν.</em></strong></span> <span class='ocrx_word' id='word_1_235' title='bbox 451 2668 592 2732; x_wconf 80' lang='grc'>&lt;21&gt;</span> <span class='ocrx_word' id='word_1_236' title='bbox 635 2667 777 2719; x_wconf 75' lang='grc' dir='ltr'><strong><em>οὕτω</em></strong></span> <span class='ocrx_word' id='word_1_237' title='bbox 820 2665 868 2719; x_wconf 71' lang='grc' dir='ltr'><strong><em>δ’</em></strong></span> <span class='ocrx_word' id='word_1_238' title='bbox 909 2667 1107 2729; x_wconf 73' lang='grc' dir='ltr'><strong><em>αὐτοὺς</em></strong></span> <span class='ocrx_word' id='word_1_239' title='bbox 1139 2667 1430 2735; x_wconf 76' lang='grc' dir='ltr'><strong><em>Ῥούβηλος</em></strong></span> <span class='ocrx_word' id='word_1_240' title='bbox 1469 2668 1615 2735; x_wconf 82' lang='grc' dir='ltr'><strong><em>ὁρῶν</em></strong></span> <span class='ocrx_word' id='word_1_241' title='bbox 1656 2671 1877 2736; x_wconf 76' lang='grc' dir='ltr'><strong><em>ἔχοντας</em></strong></span> 
     </span>
     <span class='ocr_line' id='line_1_31' title="bbox 189 2753 1942 2823; baseline 0.003 -20"><span class='ocrx_word' id='word_1_242' title='bbox 189 2753 218 2803; x_wconf 85' lang='grc' dir='ltr'>ὁ</span> <span class='ocrx_word' id='word_1_243' title='bbox 260 2755 629 2820; x_wconf 76' lang='grc' dir='ltr'><strong><em>πρεσβύτατος</em></strong></span> <span class='ocrx_word' id='word_1_244' title='bbox 670 2755 850 2807; x_wconf 75' lang='grc' dir='ltr'><strong><em>αὐτῶν</em></strong></span> <span class='ocrx_word' id='word_1_245' title='bbox 891 2754 974 2807; x_wconf 77' lang='grc' dir='ltr'><strong><em>καὶ</em></strong></span> <span class='ocrx_word' id='word_1_246' title='bbox 1019 2758 1154 2823; x_wconf 79' lang='grc' dir='ltr'><strong><em>πρὸς</em></strong></span> <span class='ocrx_word' id='word_1_247' title='bbox 1195 2758 1292 2823; x_wconf 83' lang='grc' dir='ltr'><strong><em>τὴν</em></strong></span> <span class='ocrx_word' id='word_1_248' title='bbox 1325 2759 1522 2822; x_wconf 82' lang='grc' dir='ltr'><strong><em>πρᾶξιν</em></strong></span> <span class='ocrx_word' id='word_1_249' title='bbox 1563 2757 1874 2823; x_wconf 82' lang='grc' dir='ltr'><strong><em>ὡμονοηκό-</em></strong></span> <span class='ocrx_word' id='word_1_250' title='bbox 1899 2767 1942 2798; x_wconf 80' lang='lat'><strong><em>³0</em></strong></span> 
     </span>
    </p>

    <p class='ocr_par' dir='ltr' id='par_1_7' title="bbox 309 2855 986 2905">
     <span class='ocr_line' id='line_1_32' title="bbox 309 2855 986 2905; baseline 0.006 -10"><span class='ocrx_word' id='word_1_251' title='bbox 309 2859 331 2905; x_wconf 63' lang='grc' dir='ltr'>ξ</span> <span class='ocrx_word' id='word_1_252' title='bbox 370 2859 418 2896; x_wconf 75' lang='grc' dir='ltr'><strong><em>Ῑῒ</em></strong></span> <span class='ocrx_word' id='word_1_253' title='bbox 449 2875 501 2889; x_wconf 89' lang='lat'><strong><em>=</em></strong></span> <span class='ocrx_word' id='word_1_254' title='bbox 528 2856 637 2897; x_wconf 64' lang='lat' dir='ltr'><strong><em>Gon.</em></strong></span> <span class='ocrx_word' id='word_1_255' title='bbox 674 2855 880 2897; x_wconf 66' lang='lat' dir='ltr'>XXXVI}</span> <span class='ocrx_word' id='word_1_256' title='bbox 923 2862 986 2899; x_wconf 81' lang='lat'><strong><em>10.</em></strong></span> 
     </span>
    </p>
   </div>
  </div>
 </body>
</html>
