2052 3141
82 1037 123 1068 10

852 88 1127 130 AETTEPA
1727 90 1751 137 1
1765 91 1784 138 1
1797 87 1830 137 5

145 222 431 297 φερομένῳ
473 224 949 292 συντυγχάνουσιν
990 219 1416 292 ἐπιστρέφεσθαι
1456 219 1557 290 μὲν
1593 222 1702 275 ὑπὸ
1741 230 1836 292 τῆς

147 316 324 377 ὄψεως
357 321 456 366 τοῦ
486 314 700 380 παιδός,
741 310 961 381 ἀφιέναι
999 308 1060 363 δὲ
1090 312 1154 363 τὰ
1196 312 1610 378 σπουδαζόμενα
1647 309 1739 362 καὶ
1770 317 1834 379 τῇ

145 405 358 473 θεωρίᾳ
380 405 811 472 προσευσχολεῖν
834 401 1025 453 αὐτοῦ·
1056 398 1146 452 καὶ
1171 401 1273 469 γὰρ
1305 399 1338 467 ἡ
1371 399 1525 469 χάρις
1548 398 1581 466 ἡ
1606 399 1831 465 παιδικὴ

145 492 319 559 πολλὴ
337 488 426 542 καὶ
444 492 675 560 ἄκρατος
691 488 817 560 περὶ
839 489 1009 542 αὐτὸν
1034 484 1172 541 οὖσα
1196 496 1405 557 κατεῖχε
1431 490 1559 549 τοὺς
1575 487 1831 556 ὁρῶντας.

160 580 437 647 2<232>
479 581 609 632 ὄντα
643 576 695 631 δ’
736 578 904 631 αὐτὸν
944 586 1196 631 τοιοῦτον
1234 577 1266 644 ἡ
1311 575 1625 646 Θέρμουθις
1663 577 1833 627 παῖδα

145 677 406 735 ποιεῖται,
468 675 635 736 γονῆς
695 670 922 736 γνησίας
977 667 1042 720 οὐ
1098 663 1483 736 μεμοιραμένη.
1561 667 1656 717 καί
1703 682 1831 717 ποτε

145 759 414 824 κομίσασα
475 759 572 809 τὸν
612 759 866 824 Μωυσῆν
920 757 1056 825 πρὸς
1108 757 1205 808 τὸν
1259 752 1463 823 πατέρα
1519 753 1831 806 ἐπεδείκνυε

146 852 371 912 τοῦτον,
417 843 507 896 καὶ
556 846 628 907 ὡς
666 847 980 913 φροντίσειε
1023 845 1306 912 διαδοχῆς,
1353 844 1404 894 εί
1440 840 1530 894 καὶ
1570 844 1834 910 βουλήσει

145 938 285 986 θεοῦ
325 934 396 1001 μὴ
437 934 591 1002 τύχοι
630 934 825 994 παιδὸς
867 935 1121 1000 γνησίου·
1170 934 1305 1001 πρὸς
1345 931 1514 983 αὐτόν
1554 928 1597 982 τ’
1646 932 1830 997 ἔλεγεν

148 1019 602 1091 ςἀναθρεψαμένη
651 1022 819 1072 παῖδα
867 1027 1051 1089 μορφῇ
1099 1039 1154 1071 τε
1194 1026 1355 1072 θεῖον
1396 1017 1486 1070 καὶ
1526 1022 1835 1087 φρονήματι

147 1118 424 1177 γενναῖον,
462 1110 785 1177 θαυμασίως
818 1106 871 1160 δ’
912 1108 1080 1160 αὐτὸν
1112 1106 1202 1160 καὶ
1234 1107 1380 1177 παρὰ
1413 1115 1505 1174 τῆς
1536 1116 1634 1159 τοῦ
1673 1124 1836 1159 ποτα-

147 1205 254 1265 μοῦ
302 1200 547 1265 λαβοῦσα
594 1197 845 1266 χάριτος,
902 1196 1134 1265 ἐμαυτῆς
1181 1193 1281 1264 μὲν
1331 1195 1620 1263 ἡγησάμην
1667 1196 1836 1246 παῖδα

147 1287 520 1353 ποιήσασθαι,
560 1292 652 1352 τῆς
700 1281 759 1336 δὲ
801 1292 898 1353 σῆς
945 1287 1224 1352 βασιλείας
1272 1282 1576 1352 διάδοχον.’
1656 1284 1836 1351 <233>

147 1381 314 1425 ταῦτα
377 1370 612 1439 λέγουσα
666 1381 783 1435 ταῖς
836 1381 934 1425 τοῦ
981 1375 1183 1441 πατρὸς
1231 1370 1419 1442 χερσὶν
1472 1371 1721 1439 ἐντίθησι
1776 1373 1835 1424 τὸ

104 1477 123 1508 5
147 1458 363 1529 βρέφος.
442 1460 470 1512 ὃ
512 1457 571 1512 δὲ
612 1461 798 1529 λαβὼν
838 1459 926 1512 καὶ
966 1459 1533 1529 προσστερνισάμενος
1571 1461 1706 1511 κατὰ
1747 1481 1837 1528 φι-

148 1551 489 1618 λοφρόνησιν
545 1549 705 1618 χάριν
760 1557 853 1616 τῆς
905 1551 1185 1618 θυγατρὸς
1233 1548 1544 1616 ἐπιτίθησιν
1585 1548 1730 1619 αὐτῷ
1773 1550 1832 1600 τὸ

150 1637 404 1705 διάδημα.
482 1635 771 1706 καταφέρει
814 1634 863 1689 δ’
911 1637 940 1690 ὁ
979 1640 1227 1704 Μωυσῆς
1266 1638 1342 1699 εἰς
1380 1637 1481 1704 τὴν
1521 1643 1644 1703 γῆν,
1683 1653 1833 1705 περι-

149 1728 408 1792 ελόμενος
470 1726 601 1778 αὐτὸ
664 1726 797 1778 κατὰ
852 1728 1152 1794 νηπιότητα
1208 1727 1417 1793 δῆθεν,
1473 1723 1729 1792 ἐπέβαινέ
1779 1745 1833 1777 τε

150 1813 295 1884 αὐτῷ
344 1822 458 1876 τοῖς
504 1817 648 1866 ποσί.
725 1815 906 1882 <234>
946 1812 1036 1866 καὶ
1082 1810 1227 1866 τοῦτ’
1276 1813 1463 1876 ἔδοξεν
1504 1814 1707 1866 οἰωνὸν
1748 1812 1835 1866 ἐπὶ

85 1920 102 1949 2
150 1909 213 1971 τῇ
251 1904 502 1973 βασιλεία
541 1900 746 1972 φέρειν.
824 1903 1167 1971 θεασάμενος
1207 1899 1255 1954 δ’
1304 1902 1331 1955 ὁ
1375 1902 1836 1973 ἱερογραμματεὺς

151 1990 179 2043 ὁ
219 1987 310 2042 καὶ
348 1991 448 2058 τὴν
485 1989 703 2058 γένεσιν
744 1991 915 2044 αὐτοῦ
965 1992 1242 2060 προειπὼν
1285 1989 1371 2042 ἐπὶ
1411 1999 1473 2061 τῇ
1515 1992 1837 2044 ταπεινώσει

150 2086 243 2147 τῆς
283 2080 605 2146 Αἰγυπτίων
653 2077 820 2148 ἀρχῆς
868 2077 1161 2147 ἐσομένην,
1210 2079 1462 2148 ὥρμησεν
1503 2079 1838 2148 ἀποκτεῖναι,

150 2164 239 2218 καὶ
288 2167 475 2219 δεινὸν
522 2165 848 2236 ἀνακραγών
898 2168 1078 2235 <235>
1119 2163 1337 2229 ‘ofivog’
1379 2164 1524 2235 εἶπε,
1566 2168 1837 2237 (βασιλεῦ,

150 2262 276 2316 παῖς
316 2253 521 2315 ἐκεῖνος
561 2254 626 2306 ὃν
664 2257 942 2307 κτείνασιν
974 2254 1107 2323 ἡμῖν
1148 2253 1423 2322 ἐδήλωσεν
1465 2255 1493 2307 ὁ
1532 2257 1664 2317 θεὸς
1703 2255 1839 2324 ἀφό-

86 2358 128 2388 25
152 2344 271 2409 βοις
325 2338 481 2394 εἶναι.
558 2340 649 2393 καὶ
704 2352 971 2412 μαρτυρεῖ
1020 2350 1083 2411 τῇ
1139 2343 1536 2411 προαγορεύσει
1594 2344 1684 2395 διὰ
1739 2353 1838 2397 τοῦ

86 2797 128 2828 30

152 2432 467 2497 γεγονότος,
509 2429 843 2499 ἐπιβεβηκὼς
888 2431 1155 2501 ἡγεμονία
1201 2439 1264 2500 τῆ
1316 2438 1381 2500 σῆ
1422 2429 1512 2482 καὶ
1551 2441 1736 2484 πατῶν
1776 2435 1836 2485 τὸ

153 2519 407 2587 διάδημα.
485 2527 683 2572 τοῦτον
730 2515 833 2572 οὖν
882 2519 1093 2571 ἀνελὼν
1132 2521 1457 2586 Αἰγυπτίοις
1496 2518 1595 2588 μὲν
1635 2522 1695 2573 τὸ
1736 2518 1830 2572 ἀπ’

153 2605 323 2660 αὐτοῦ
365 2604 487 2669 δέος
526 2608 669 2675 ἄνες,
700 2605 974 2677 Ἑβραίοις
1014 2604 1074 2659 δὲ
1113 2609 1214 2675 τὴν
1254 2606 1446 2660 ἐλπίδα
1485 2616 1584 2660 τοῦ
1625 2605 1695 2660 δι’
1743 2608 1838 2660 αὐ-

153 2702 251 2747 τοῦ
282 2695 530 2764 θράσους
562 2695 812 2764 ἀφελοῦ.’
875 2696 1056 2764 <236>
1095 2696 1302 2764 φθάνει
1337 2693 1384 2748 δ’
1425 2696 1594 2748 αὐτὸν
1633 2696 1665 2764 ἡ
1702 2694 1837 2766 Θέρ-

153 2787 354 2850 μουθις
402 2782 772 2852 ἐξαρπάσασα,
818 2781 908 2835 καὶ
954 2785 1089 2853 πρὸς
1135 2785 1231 2836 τὸν
1279 2786 1456 2851 φόνον
1498 2783 1729 2854 ὀκνηρὸς
1766 2780 1836 2852 ῆν

273 2888 296 2936 ξ
329 2888 414 2928 232
441 2906 496 2919 =-·
521 2883 664 2927 Exod.
698 2882 740 2924 Π
775 2888 842 2926 10.

1514 2958 1571 3001 8*
