2052 3141
855 42 1119 82 HEMHTH
1727 37 1833 88 299

149 187 266 247 ρεῖν
322 178 727 246 συνεβούλευον
781 186 890 228 τῶν
947 172 1356 243 ὀμωμοσμένων
1411 175 1483 236 ὡς
1532 170 1623 224 ὑπ’
1671 173 1837 241 ὀργῆς

148 267 474 336 ὀμόσαντες,
521 265 588 318 οὐ
640 266 829 334 γνώμῃ
880 262 969 316 καὶ
1016 266 1221 332 κρίσει,
1270 270 1344 334 τῷ
1396 259 1455 315 δὲ
1506 267 1620 332 θεῷ
1663 257 1837 330 μηδὲν

148 355 401 409 ἐναντίον
439 356 691 422 ποιήσειν
740 355 791 405 εἰ
837 353 1021 421 φυλὴν
1062 352 1197 419 ὅλην
1232 352 1697 404 ,κινδυνεύουσαν
1738 349 1836 401 ἀπ-

147 442 376 497 ολέσθαι
416 451 588 494 σῶσαι
629 442 957 509 δυνηθεῖεν,
1012 440 1105 501 τάς
1150 436 1195 491 τ’
1244 437 1524 507 ἐπιορκίας
1564 439 1664 508 οὐχ
1706 438 1837 490 ὅταν

103 529 238 584 5ὑπ’
286 531 525 599 ἀνάγκης
573 527 841 597 γένωνται
892 528 1127 597 χαλεπὰς
1173 523 1314 579 εἶναι
1365 525 1454 578 καὶ
1503 526 1836 596 ἐπισφαλεῖς,

147 617 267 672 ἀλλ’
308 620 439 672 ὅταν
481 618 540 671 ἐν
572 620 875 687 κακουργία
914 620 1259 684 τολμηθῶσι·
1303 616 1484 682 <170>
1519 623 1611 682 τῆς
1651 612 1710 667 δὲ
1751 635 1837 682 γε-

149 711 374 777 ρουσιάς
427 709 562 777 πρὸς
615 709 675 759 τὸ
731 713 824 773 τῆς
880 704 1155 774 ἐπιορκίας
1206 706 1379 772 ὄνομα
1430 704 1838 772 σχετλιασάσης,

149 799 251 866 ἔφη
285 817 365 859 τις
395 797 610 858 τούτοις
641 814 695 847 τε
728 803 1007 862 γυναικῶν
1047 794 1312 863 εὐπορίαν
1354 794 1497 861 ἔχειν
1537 794 1710 844 εἰπεῖν
1749 790 1839 843 καὶ

149 888 378 955 τήρησιν
409 895 519 937 τῶν
552 885 748 953 ὅρκων.
812 880 1091 951 ἐρομένων
1124 879 1185 934 δὲ
1216 883 1315 950 τὴν
1350 881 1617 948 ἐπίνοιαν,
1652 880 1837 948 ςἡμῖν’

84 989 126 1020 10
150 970 265 1026 εἷπε
307 972 450 1043 (τρὶς
487 981 586 1025 τοῦ
620 974 774 1033 ἔτους
805 973 882 1032 εἰς
914 971 1078 1038 Σηλὼ
1114 979 1404 1022 συνιοῦσιν
1446 969 1667 1022 ἕπονται
1705 969 1840 1020 κατὰ

150 1064 462 1131 πανήγυριν
502 1061 562 1113 αἱ
596 1069 851 1127 γυναῖκες
890 1057 980 1110 καὶ
1021 1059 1080 1110 αι’
1115 1056 1439 1127 θυγατέρες·
1497 1058 1675 1122 <171>
1716 1058 1840 1109 τού-

150 1171 260 1204 των
321 1147 447 1202 καθ’
510 1147 762 1219 ἁρπαγὴν
822 1147 1064 1216 ἐφείσθω
1128 1155 1323 1214 γαμεῖν
1378 1148 1727 1213 Βενιαμίταις
1781 1145 1842 1206 ἃς

152 1242 470 1308 δυνηθεῖεν,
506 1238 656 1306 ἡμῶν
690 1238 812 1290 οὔτε
845 1233 1303 1305 προτρεπομένων
1337 1235 1461 1287 οὔτε
1495 1236 1839 1286 κωλυόντων.

151 1331 285 1398 πρὸς
319 1325 378 1380 δὲ
411 1329 538 1388 τοὺς
569 1323 801 1394 πατέρας
834 1324 1015 1376 αὐτῶν
1049 1325 1510 1393 δυσχεραίνοντας
1550 1320 1639 1374 καὶ
1678 1342 1841 1390 τιμω-

86 1430 127 1462 15
153 1420 279 1487 ρίαν
312 1414 614 1483 λαμβάνειν
648 1412 935 1476 ἀξιοῦντας
966 1414 1215 1481 φήσομεν
1248 1411 1448 1473 αὐτοὺς
1481 1412 1706 1478 αἰτίους,
1738 1432 1842 1479 φυ-

153 1509 320 1573 λακῆς
374 1502 750 1572 ἀμελήσαντας
803 1511 912 1553 τῶν
967 1498 1318 1569 θυγατέρων,
1375 1500 1456 1552 ὅτι
1506 1519 1562 1551 τε
1620 1501 1707 1551 δεῖ
1749 1507 1843 1566 τῆς

153 1594 318 1663 ὀργῆς
359 1590 444 1645 ἐπὶ
476 1593 804 1659 Βενιαμίτας
842 1590 1084 1659 ὑφεῖναι,
1124 1587 1502 1659 χρησαμένους
1541 1588 1675 1657 αὐτῇ
1715 1593 1843 1640 θᾶτ-

152 1702 250 1735 τον
282 1680 373 1734 καὶ
406 1678 691 1749 ἀμέτρωςῖ
754 1680 932 1746 <172>
974 1676 1063 1730 καὶ
1104 1681 1162 1730 οἳ
1197 1674 1297 1746 μὲν
1336 1678 1551 1739 τούτοις
1589 1675 1844 1729 πεισθέν-

152 1790 239 1833 τες
284 1772 612 1838 ψηφίζονται
666 1770 762 1820 τὸν
804 1768 894 1819 διὰ
946 1775 1039 1834 τῆς
1079 1765 1322 1834 ἁρπαγῆς
1361 1766 1538 1834 γάμον
1593 1775 1706 1827 τοῖς
1744 1768 1844 1817 Βε-

87 1871 129 1904 20
152 1863 457 1927 νιαμίταις,
514 1856 776 1925 ἐνστάσης
832 1853 891 1907 δὲ
942 1863 1035 1923 τῆς
1091 1853 1279 1923 ἑορτῆς
1319 1855 1377 1907 οἱ
1411 1851 1512 1922 μὲν
1553 1855 1844 1921 διακόσιοι,

152 1947 288 1999 κατὰ
337 1947 438 1999 δύο
487 1944 578 1998 καὶ
624 1953 794 2013 τρεῖς,
841 1946 947 2012 πρὸ
988 1952 1082 2011 τῆς
1120 1946 1330 2004 πόλεως
1370 1942 1672 2012 ἐνήδρευον
1711 1960 1844 2011 παρ-

153 2032 415 2104 εσομένας
464 2034 559 2096 τὰς
611 2032 929 2102 παρθένους
975 2035 1034 2084 ε”ν
1086 2029 1129 2083 τ’
1178 2030 1457 2099 ἀμπελῶσι
1497 2029 1587 2083 καὶ
1625 2034 1846 2100 χωρίοις

154 2123 214 2176 ἐν
255 2116 338 2185 οἷς
378 2124 568 2191 λήσειν
610 2124 859 2190 ἔμελλον,
900 2121 1080 2189 <173>
1116 2123 1176 2172 αἳ
1205 2117 1263 2172 δὲ
1305 2120 1436 2187 μετὰ
1474 2120 1713 2186 παιδιᾶς,
1753 2119 1846 2171 οὐ-

155 2208 251 2264 δὲν
297 2211 652 2279 ὑφορώμεναι
704 2219 814 2262 τῶν
854 2212 1199 2278 μελλόντων,
1250 2207 1576 2276 ἀφυλάκτως
1614 2207 1847 2274 ὥδευον,

88 2313 129 2345 25
156 2302 213 2352 οἳ
249 2295 310 2350 δὲ
358 2299 770 2350 σκεδασθεισῶν
818 2303 1031 2366 εἴχοντο
1082 2296 1484 2359 ἐξαναστάντες.
1562 2293 1652 2347 καὶ
1693 2291 1846 2348 οὗτοι

155 2384 256 2456 μὲν
297 2386 439 2439 οὕτω
480 2387 821 2454 γαμήσαντες
854 2382 935 2437 ἐπ’
977 2387 1108 2454 ἔργα
1147 2391 1241 2452 τῆς
1279 2391 1376 2451 γῆς
1417 2382 1718 2453 ἐχώρησαν,
1757 2382 1848 2435 καὶ

154 2477 424 2544 πρόνοιαν
465 2471 792 2540 ἐποιήσαντο
824 2472 990 2524 πάλιν
1023 2473 1100 2533 εἰς
1139 2472 1239 2538 τὴν
1278 2469 1550 2540 προτέραν
1591 2471 1847 2540 εὐδαιμο-

155 2567 284 2616 νίαν
324 2561 667 2614 ἐπανελθεῖν.
745 2561 925 2627 <174>
966 2563 1309 2628 Βενιαμιτῶν
1350 2556 1450 2627 μὲν
1492 2555 1657 2627 οὖνὴ
1698 2562 1845 2629 φυλὴ

156 2651 564 2704 κινδυνεύσασα
626 2647 818 2711 τελέως
882 2648 1262 2718 ἐκφθαρῆναι,
1332 2655 1404 2719 τῷ
1468 2647 1846 2721 προειρημένῳ

91 2753 136 2785 30
159 2742 342 2812 τρόπω
381 2739 516 2791 κατὰ
565 2738 665 2806 τὴν
701 2735 1052 2807 Ἰσραηλιτῶν
1093 2740 1296 2806 σοφίαν
1337 2738 1589 2805 σώζεται,
1636 2736 1853 2806 ἤνθησέ

280 2845 304 2892 ξ
339 2844 422 2884 169
449 2838 671 2883 =1udic.
703 2838 810 2881 XXI
845 2843 912 2882 18.
