2052 3141
61 1037 102 1068 10

50 1478 97 1518 ,15

52 1920 96 1951 ‘20

50 2359 92 2391 25

843 92 1118 133 TETAPTH
1715 89 1822 141 215

132 231 259 291 τοὺς
303 230 565 297 πατρίους
609 229 815 295 νόμους
859 228 987 287 τοὺς
1037 227 1300 286 δεσπότας
1338 233 1448 277 τῶν
1487 222 1822 292 τικτομένων

133 320 324 370 σίκλον
355 315 446 369 καὶ
477 317 645 384 ἥμισυ
678 315 864 376 αὐτοῖς
896 312 1211 383 ἀναφέρειν,
1244 313 1546 381 ἀνθρώπου
1581 310 1641 365 δὲ
1672 331 1822 382 πρω-

131 407 359 458 τοτόκου
406 403 566 457 πέντε
619 407 853 465 σίκλους.
931 400 1072 455 εἶναι
1113 400 1166 454 δ’
1203 402 1456 471 ,ἀπαρχὰς
1504 402 1689 463 αὐτοῖς
1727 399 1820 453 καὶ

131 501 225 560 τῆς
263 503 372 545 τῶν
411 493 704 562 προβάτων
743 499 973 561 κουρᾶς,
1012 491 1139 552 τούς
1177 510 1233 542 τε
1273 488 1562 551 πέττοντας
1600 491 1697 542 τὸν
1738 497 1820 542 σῖ-

131 600 228 634 τον
275 580 364 633 καὶ
413 579 914 651 ἀρτοποιουμένους
959 589 1069 632 τῶν
1115 579 1409 647 πεμμάτων
1460 578 1646 640 αὐτοῖς
1694 579 1818 630 τινὰ

129 680 403 739 χορηγεῖν.
482 670 626 737 <72>
667 669 789 722 ὅσοι
830 666 879 720 δ’
926 668 995 721 ἂν
1035 668 1235 729 αὑτοὺς
1273 672 1609 736 καθιερῶσιν
1649 666 1819 736 εὐχὴν

127 755 484 826 πεποιημένοι
527 757 841 833 (Ναζιραῖοι
883 754 932 808 δ’
981 752 1132 809 οὗτοι
1173 760 1495 823 καλοῦνται,
1543 765 1819 824 κομῶντες

127 844 217 897 καὶ
258 843 414 898 οἶνον
463 847 528 899 οὐ
575 844 1076 914 προσφερόμενοι),
1130 846 1357 906 τούτους
1405 842 1497 912 δέ,
1553 844 1684 896 ὅταν
1723 846 1818 907 τὰς

126 937 312 1003 τρίχας
365 933 669 1003 ἀφιερῶσιν
719 932 805 985 ἐπὶ
851 936 1026 1003 θυσία
1071 953 1125 985 τε
1174 942 1420 1002 παρῶσι,
1475 933 1569 994 τὰς
1614 934 1818 1003 κουρὰς

126 1020 392 1091 νέμεσθαι
438 1025 574 1093 πρὸς
621 1025 749 1084 τοὺς
802 1020 988 1090 ἱερέας.
1067 1022 1210 1089 <73>
1250 1020 1340 1073 καὶ
1379 1022 1437 1074 οἱ
1470 1024 1678 1090 κορβᾶν
1719 1023 1817 1075 αὑ-

124 1113 252 1173 τοὺς
299 1111 669 1180 ὀνομάσαντες
715 1118 788 1182 τῷ
838 1116 953 1182 θεῷ
1004 1108 1212 1181 (δῶρον
1261 1108 1319 1162 δὲ
1359 1119 1520 1163 τοῦτο
1563 1113 1817 1178 σημαίνει

123 1197 251 1251 καθ’
297 1198 578 1268 Ἑλλήνων
627 1198 932 1268 γλῶτταν),
987 1197 1362 1267 βουλομένους
1410 1199 1673 1267 ἀφίεσθαι
1721 1206 1815 1267 τῆς

124 1292 465 1357 λειτουργίας
489 1299 602 1351 τοϊς
629 1290 831 1357 ἱερεῦσι
863 1288 1225 1356 καταβάλλειν
1259 1287 1546 1357 ἀργύριον,
1578 1296 1814 1355 γυναῖκα

123 1373 224 1444 μὲν
263 1377 554 1445 τριάκοντα
595 1380 835 1443 σίκλους,
875 1377 1053 1445 ἄνδρα
1094 1373 1154 1428 δὲ
1195 1378 1552 1444 πεντήκοντα·
1594 1377 1714 1429 ὅσοι
1756 1374 1806 1428 δ’

123 1464 191 1517 ἂν
247 1464 564 1535 ἐνδεέστερα
619 1475 729 1518 τῶν
784 1463 1088 1533 εἰρημένων
1143 1467 1305 1533 ἔχωσι
1358 1467 1637 1533 χρήματα,
1698 1475 1814 1528 τοῖς

122 1554 362 1622 ἱερεῦσιν
403 1553 601 1617 ἐξεῖναι
640 1553 763 1623 περὶ
802 1554 1013 1606 τούτων
1055 1553 1126 1614 ὡς
1165 1554 1462 1621 βούλονται
1504 1553 1812 1621 δοκιμάσαι.

120 1642 265 1711 <74>
315 1639 455 1695 εἶναι
511 1640 571 1695 δὲ
625 1642 715 1695 καὶ
765 1652 878 1705 τοῖς
927 1640 1040 1694 κατ’
1089 1638 1243 1694 οἶκον
1289 1642 1532 1694 θύουσιν
1580 1642 1812 1711 εὐωχίας

120 1729 279 1783 ἕνεκα
319 1739 412 1799 τῆς
451 1731 664 1799 αὑτῶν,
715 1730 852 1783 ἀλλὰ
893 1732 963 1799 μὴ
1005 1733 1332 1799 θρησκείας,
1373 1729 1618 1799 ἀνάγκην
1657 1735 1810 1799 κομί-

122 1821 231 1882 ζειν
280 1829 394 1882 τοῖς
444 1820 683 1888 ἱερεῦσιν
731 1822 1006 1890 ἤνυστρόν
1053 1839 1108 1871 τε
1157 1817 1245 1871 καὶ
1286 1820 1543 1888 χελύνιον
1583 1818 1673 1871 καὶ
1712 1823 1809 1873 τὸν

121 1907 303 1971 δεξιὸν
350 1911 618 1978 βραχίονα
664 1917 763 1961 τοῦ
811 1909 1072 1976 θύματος.
1149 1907 1238 1960 καὶ
1285 1918 1398 1970 τοῖς
1449 1905 1549 1975 μὲν
1604 1909 1810 1977 ἱερεῦσι

118 1999 366 2064 Μωυσῆς
397 1998 688 2064 τοσαύτην,
726 1996 893 2066 πάρεξ
929 1992 1005 2049 ὧν
1037 1994 1174 2066 ὑπὲρ
1210 1996 1608 2065 ἁμαρτημάτων
1647 1998 1809 2050 θύων

119 2085 147 2138 ὁ
189 2087 318 2147 λαὸς
366 2086 596 2137 δίδωσιν
645 2084 862 2153 αὐτοῖς,
919 2086 990 2147 ὡς
1039 2085 1099 2137 ἐν
1147 2093 1209 2154 τῇ
1250 2087 1355 2154 πρὸ
1396 2085 1593 2153 ταύτης
1631 2089 1807 2158 βίβλῳ
1863 2108 1871 2114 ·

119 2173 524 2241 δεδηλώκαμεν,
556 2173 821 2242 εὐπορίαν
856 2173 1137 2242 ἐπενόησε·
1179 2174 1323 2240 <7ὦ>
1347 2173 1569 2224 πάντων
1604 2170 1664 2225 δὲ
1695 2183 1808 2226 τῶν

118 2270 230 2322 τοῖς
264 2261 467 2330 ἱερεῦσι
499 2259 844 2329 τελουμένων
877 2271 1167 2314 κοινωνεῖν
1201 2259 1406 2324 διέταξε
1444 2259 1532 2312 καὶ
1568 2264 1697 2323 τοὺς
1728 2264 1806 2315 οί-

118 2348 272 2411 κέτας
295 2347 385 2400 καὶ
409 2347 718 2418 θυγατέρας
748 2348 837 2401 καὶ
863 2361 1143 2418 γυναῖκας,
1183 2350 1283 2413 ἔξω
1316 2359 1426 2402 τῶν
1456 2346 1594 2418 ὑπὲρ
1636 2349 1807 2419 ἁμαρ-

116 2437 370 2505 τημάτων
400 2435 811 2506 ἐπιφερομένων
839 2443 1081 2491 θυσιῶν·
1122 2440 1320 2501 ταύτας
1344 2439 1447 2507 γὰρ
1475 2437 1535 2490 ἐν
1566 2446 1639 2509 τῷ
1676 2440 1802 2512 ἱερῷ

116 2528 278 2594 μόνοι
319 2506 637 2578 δαπανῶσιν
677 2526 734 2579 οἱ
769 2527 993 2597 ἄρρενες
1030 2536 1141 2580 τῶν
1182 2526 1372 2597 ἱερέων
1412 2527 1750 2596 αὐθημερόν.

227 2614 371 2682 <76>
412 2614 484 2676 ὡς
530 2610 590 2666 δὲ
637 2622 804 2667 ταῦτα
851 2616 982 2683 μετὰ
1033 2617 1133 2683 τὴν
1175 2616 1366 2668 στάσιν
1407 2619 1653 2683 Μωυσῆς
1693 2615 1801 2668 διέ-
1835 2635 1861 2672 5

115 2700 306 2770 ταξεν,
360 2703 495 2771 ἄρας
548 2702 679 2770 μετὰ
724 2703 900 2771 πάσης
953 2710 1046 2771 τῆς
1101 2712 1352 2773 στρατιᾶς
1399 2702 1484 2755 ἐπὶ
1532 2707 1661 2767 τοὺς
1707 2715 1801 2775 τῆς

235 2822 330 2870 §71
351 2817 560 2862 =Num.
579 2818 730 2861 XVIII
750 2823 816 2862 16.
892 2822 988 2870 §72
1017 2841 1070 2855 =
1095 2818 1232 2862 Num.
1252 2819 1314 2861 VI
1332 2824 1370 2862 2.
1447 2824 1542 2872 §73
1573 2842 1626 2857 =
1651 2820 1799 2866 Levib.

114 2889 287 2933 XXVII
320 2896 358 2933 1.
436 2895 460 2943 ξ
495 2894 550 2934 74
576 2912 630 2927 --
655 2890 841 2933 Denter.
874 2891 1026 2934 XVIII
1058 2897 1097 2934 3.
1184 2895 1208 2944 ξ
1244 2897 1297 2934 75
1326 2913 1379 2927 =
1404 2891 1540 2935 Num.
1576 2893 1726 2938 XVIII
1758 2901 1801 2940 8.
