2052 3141
835 116 1097 155 IIEMIITH
1699 113 1806 164 281

124 247 246 317 ἕνα,
293 252 669 318 τολμήσαντας
716 248 900 309 αὐτοῖς
946 249 1023 310 εἰς
1060 256 1244 317 χεῖρας
1283 246 1501 315 ἐλθεῖν,
1551 255 1809 316 κεκρατῆ-

124 341 257 388 σθαι
298 338 501 405 δηλῶν,
538 335 630 389 καὶ
670 335 954 403 στρατιάν,
1006 335 1105 404 ὅση
1145 334 1275 388 ποτὲ
1314 338 1681 388 κατελπίσασα
1719 343 1814 403 τῆς

123 425 305 477 αὐτῶν
345 425 630 493 δυνάμεως
669 426 746 486 εἰς
785 424 963 492 μάχην
1005 431 1276 491 συνῆψεν,
1316 425 1531 476 ἅπασαν
1573 425 1813 492 διαφθα-

123 521 340 581 ρεῖσαν,
388 513 461 575 ὡς
509 510 644 581 μηδὲ
693 513 890 580 γενεὰν
939 512 1127 573 αὐτοῖς
1176 511 1592 581 ὑπολελεῖφθαι.
1669 512 1813 579 <74>

79 616 99 647 5
124 610 233 653 τῶν
275 598 334 653 δὲ
374 603 590 654 πόλεων
631 599 920 669 ἐπειδήπερ
963 603 1024 652 αἳ
1059 597 1159 668 μὲν
1202 598 1538 667 ἑαλώκεσαν,
1577 602 1713 669 πρὸς
1752 600 1815 662 ἃς

123 685 183 740 δὲ
231 690 318 740 δεῖ
366 691 571 758 χρόνου
626 687 717 741 καὶ
764 688 1000 756 μεγάλης
1045 691 1362 755 πολιορκίας
1411 689 1502 739 διὰ
1553 689 1652 756 τὴν
1703 697 1812 740 τῶν

122 787 316 845 τειχῶν
364 778 665 846 ὀχυρότητα
715 775 806 828 καὶ
857 778 956 844 τὴν
1009 772 1096 828 ἐπὶ
1143 777 1310 845 ταύτῃ
1359 786 1467 828 τῶν
1509 778 1814 845 οἰκητόρων

120 867 481 932 πεποίθησιν,
528 865 684 933 ἠξίου
734 867 861 926 τοὺς
901 863 959 916 ἐκ
999 872 1090 931 τῆς
1128 868 1354 933 περαίας
1393 874 1491 917 τοῦ
1526 863 1815 934 Ἰορδάνου

123 952 635 1021 συνεξορμήσαντας
682 952 867 1013 αὐτοῖς
906 949 996 1003 καὶ
1036 961 1145 1003 τῶν
1185 953 1466 1004 κινδύνων
1508 952 1813 1022 συναραμέ-

57 1056 98 1087 10
123 1060 278 1107 νους,
327 1042 488 1102 ὄντας
538 1049 848 1108 συγγενεῖς,
897 1039 1159 1091 ἀπολύειν
1199 1042 1302 1107 ἤδη
1343 1042 1479 1108 πρὸς
1517 1042 1581 1092 τὰ
1624 1043 1815 1109 οἰκεῖα,

56 1498 96 1529 15

121 1129 281 1198 χάριν
322 1128 507 1190 αὐτοῖς
555 1123 632 1180 ὧν
673 1126 984 1195 συνέκαμον
1026 1128 1455 1195 ὁμολογοῦντας·
1535 1127 1676 1195 <75>
1718 1128 1814 1180 ἕνα

122 1237 176 1269 τε
202 1218 336 1270 κατὰ
361 1220 565 1286 φυλήν,
599 1215 759 1285 ἀρετῇ
792 1217 1056 1285 προύχειν
1090 1215 1532 1285 μαρτυρηθέντα,
1563 1215 1814 1285 πέμπειν,

123 1309 179 1357 οἳ
215 1307 314 1373 τὴν
355 1313 458 1372 γῆν
500 1304 958 1372 ἐκμετρησάμενοι
999 1313 1200 1365 πιστῶς
1240 1303 1328 1355 καὶ
1370 1301 1543 1371 μηδὲν
1582 1324 1815 1373 κακουρ-

122 1396 386 1462 γ’ήσαντες
433 1394 780 1460 δηλώσουσιν
826 1392 958 1460 ἡμῖν
1007 1391 1220 1453 ἀδόλως
1261 1391 1425 1459 αὐτῆς
1464 1394 1524 1444 τὸ
1566 1391 1813 1460 μέγεθος.

234 1482 376 1549 <76>
427 1479 519 1533 καὶ
568 1479 779 1548 Ἰησοῦς
834 1476 933 1548 μὲν
989 1481 1217 1541 τούτους
1266 1480 1634 1547 ποιησάμενος
1687 1484 1815 1543 τοὺς

123 1572 321 1636 λόγους
362 1569 729 1636 συγκάταινον
771 1570 890 1638 ἔσχε
931 1570 990 1621 τὸ
1031 1573 1274 1636 πλῆθος,
1314 1567 1403 1620 καὶ
1444 1570 1650 1639 ἄνδρας
1688 1573 1816 1632 τοὺς

124 1656 624 1726 ἐκμετρησομένους
674 1658 774 1724 τὴν
825 1658 1009 1725 χώραν
1061 1657 1241 1708 αὐτῶν
1299 1655 1590 1725 ἐξέπεμψε,
1644 1676 1816 1728 παρα-

125 1747 256 1808 δοὺς
296 1746 483 1808 αὐτοῖς
521 1746 673 1807 τινὰς
713 1748 1041 1813 γεωμετρίας
1082 1744 1472 1813 ἐπιστήμονας,
1521 1745 1616 1807 οὓς
1655 1745 1816 1814 τάλη-

122 1831 221 1896 θὲς
255 1834 355 1887 οὐκ
389 1836 577 1902 ἔμελλε
611 1836 880 1901 λήσεσθαι
916 1834 1006 1884 διὰ
1038 1834 1139 1900 τὴν
1172 1832 1386 1902 τέχνην,
1428 1832 1651 1895 ἐντολὰς
1685 1836 1817 1896 δοὺς

56 1938 99 1970 20
123 1921 570 1991 ἀποτιμήσασθαι
617 1929 709 1988 τῆς
760 1940 814 1972 τε
855 1921 1183 1989 εὐδαίμονος
1225 1922 1339 1992 ίδία
1378 1923 1437 1973 τὸ
1479 1920 1678 1991 μέτρον
1718 1932 1818 1991 γῆς

123 2009 213 2063 καὶ
252 2018 345 2078 τῆς
383 2007 546 2078 ἧττον
595 2009 822 2077 ἀγαθῆς.
938 2011 1040 2076 77>
1081 2009 1113 2076 ἡ
1155 2010 1258 2078 γὰρ
1299 2010 1463 2078 φύσις
1501 2018 1594 2078 τῆς
1636 2014 1815 2064 Χανα-

124 2101 298 2152 ναίων
339 2106 436 2166 γῆς
468 2099 690 2166 τοιαύτη
724 2100 804 2159 τίς
845 2096 993 2149 ἐστιν
1035 2098 1106 2159 ὡς
1148 2099 1257 2150 ἴδοι
1297 2118 1376 2159 τις
1416 2097 1484 2149 ἂν
1524 2100 1685 2151 πεδία
1725 2120 1815 2168 με-

126 2187 264 2254 γάλα
303 2185 393 2239 καὶ
431 2189 674 2256 καρποὺς
712 2184 902 2255 φέρειν
938 2186 1240 2237 ἱκανώτατα
1280 2184 1370 2237 καὶ
1412 2190 1816 2255 συγκρινόμενα

126 2272 225 2343 μὲν
278 2273 432 2345 ἑτέρα
486 2283 554 2343 γῇ
605 2276 1021 2342 πανευδαίμονα
1068 2278 1552 2343 νομισθησόμενα,
1603 2284 1716 2337 τοῖς
1755 2275 1808 2327 δ’

58 2378 99 2410 25
117 2361 518 2432 Ἱεριχουντίων
558 2366 779 2431 χωρίοις
818 2366 1278 2431 παραβαλλόμενα
1317 2361 1407 2415 καὶ
1447 2372 1558 2424 τοῖς
1590 2361 1816 2432 Ἱεροσο-

126 2456 369 2519 λυμιτῶν
408 2453 468 2503 τὸ
510 2448 682 2518 μηδὲν
730 2450 1208 2519 ἀναφανησόμενα.
1286 2452 1428 2518 <78>
1467 2456 1642 2504 καίτοι
1682 2470 1816 2504 παν-

126 2543 291 2601 τελῶς
342 2538 535 2606 ὀλίγην
586 2538 766 2590 αὐτῶν
818 2535 960 2591 εἶναι
1016 2541 1115 2607 τὴν
1171 2547 1274 2607 γῆν
1331 2535 1672 2608 συμβέβηκε,
1725 2540 1816 2593 καὶ

125 2628 328 2694 ταύτης
368 2626 591 2694 ὀρεινὴν
631 2628 730 2694 τὴν
770 2630 1007 2695 πολλήν,
1055 2624 1173 2679 ἀλλ’
1219 2627 1533 2696 ὑπερβολὴν
1573 2630 1649 2690 εἰς
1687 2649 1815 2698 καρ-

126 2724 246 2767 πῶν
295 2713 568 2783 ἐκτροφήν
614 2734 669 2766 τε
718 2713 808 2766 καὶ
854 2715 1053 2777 κάλλος
1104 2715 1204 2768 οὐκ
1244 2714 1604 2768 ἀπολέλοιπεν
1646 2715 1815 2788 ἑτέρα.

60 2817 103 2847 30
127 2801 218 2854 καὶ
259 2803 349 2854 διὰ
382 2811 543 2855 τοῦτο
576 2805 833 2871 τιμητοὺς
866 2808 1075 2871 μᾶλλον
1116 2804 1147 2871 ἢ
1189 2806 1485 2872 μετρητοὺς
1522 2807 1650 2866 τοὺς
1689 2808 1814 2871 κλή-

249 2907 273 2957 5
308 2908 362 2947 74
390 2925 444 2939 =
469 2903 554 2946 Ios.
589 2903 717 2946 XXII
751 2909 787 2948 1.
912 2909 935 2957 ξ
971 2910 1025 2948 75
1053 2926 1107 2940 =
1132 2904 1218 2947 Ios.
1252 2904 1402 2947 XVIII
1432 2909 1472 2947 4.

1849 1495 1902 1533 21
