2052 3141
847 105 1111 145 HEMHTH
1719 101 1822 155 271

135 249 245 292 τῶν
294 241 623 292 Χαναναίων
672 235 959 307 ἐθέριζον,
1013 235 1103 289 καὶ
1151 238 1215 289 τὰ
1262 237 1426 290 λοιπὰ
1474 239 1626 289 λείαν
1667 234 1838 305 ἦγον,

135 329 253 380 τότε
293 327 397 395 γὰρ
438 326 640 389 αὐτοὺς
678 324 768 378 καὶ
807 325 839 393 ἡ
873 332 966 392 τῆς
1006 326 1215 393 μάννης
1255 323 1590 378 ἐπελελοίπει
1630 329 1827 395 τροφή,

132 413 509 484 χρησαμένους
549 411 629 466 ἐπ’
677 415 766 482 ἔτη
807 413 1225 481 τετταράκοντα..

244 503 388 571 <22>
429 503 502 565 ὡς
535 499 595 555 δὲ
634 510 803 555 ταῦτα
834 501 1145 554 ποιούντων
1185 509 1294 552 τῶν
1330 497 1682 569 Ἰσραηλιτῶν
1724 503 1824 555 οὐκ

86 605 105 637 5
132 589 399 660 ἐπεξῇσαν
432 591 491 644 οὗ
519 594 842 657 Χαναναῖοι,
882 592 1147 658 τειχήρεις
1180 586 1229 640 δ’
1269 589 1561 658 ἡσύχαζον,
1600 595 1823 659 πολιορ-

130 687 248 732 κεῖν
296 679 497 741 αὐτοὺς
536 677 748 748 Ἰησοῦς
795 680 951 746 ἔγνω.
1029 676 1121 729 καὶ
1168 684 1230 746 τῇ
1279 679 1464 748 πρώτῃ
1505 687 1597 746 τῆς
1637 677 1824 748 ἑορτῆς

130 765 303 838 ἡμέρα
342 769 442 836 τὴν
482 770 718 836 κιβωτὸν
770 768 827 820 οὗ
865 767 1026 836 ἱερεῖς
1065 764 1325 835 φέροντες
1364 764 1512 836 (περὶ
1554 765 1602 819 δ’
1651 767 1823 835 αὐτὴν

130 854 190 907 ἐν
229 857 411 928 κύκλῳ
460 855 623 925 μέρος
669 876 719 908 τι
765 865 875 907 τῶν
923 856 1161 908 ὁπλιτῶν
1208 855 1488 923 φυλάττον
1529 852 1618 923 ἦν·
1676 857 1820 923 <23>

128 946 187 996 οἳ
222 941 283 996 δὲ
329 943 419 997 καὶ
465 951 715 1013 προῇσαν
764 941 894 995 ἑπτὰ
942 941 1166 1011 κέρασιν
1215 943 1397 995 αὐτῶν
1449 942 1820 1014 σαλπίζοντες)

61 1043 103 1075 10
126 1032 475 1101 παρεκάλουν
513 1033 611 1084 τὸν
652 1034 886 1101 στρατὸν
926 1033 1002 1093 εἰς
1042 1031 1246 1098 ἀλκήν,
1285 1032 1625 1099 περιώδευόν
1665 1051 1719 1084 τε
1760 1035 1820 1085 τὸ

126 1130 301 1190 τεῖχος
341 1118 608 1189 ἑπομένης
645 1118 737 1172 καὶ
776 1127 870 1188 τῆς
902 1123 1206 1188 γερουσίας.
1284 1117 1375 1171 καὶ
1415 1122 1589 1187 μόνον
1631 1125 1821 1172 σαλπι-

127 1209 342 1261 σάντων
374 1218 483 1261 τῶν
518 1206 707 1277 ἱερέων
742 1207 964 1277 (τούτου
999 1208 1101 1277 γὰρ
1136 1204 1304 1260 οὐδὲν
1339 1207 1601 1276 ἐποίησαν
1635 1227 1820 1277 περαι-

126 1294 288 1367 τέρω)
329 1295 621 1361 ἀνέζευξαν
661 1298 738 1358 εἰς
787 1298 846 1349 τὸ
890 1298 1273 1364 στρατόπεδον.
1354 1296 1496 1364 <24>
1538 1295 1628 1348 καὶ
1668 1295 1812 1350 τοῦτ’

127 1382 212 1453 ἐφ’
258 1383 460 1454 ἡμέρας
509 1384 562 1448 ἓξ
614 1385 994 1453 ποιησάντων,
1048 1392 1110 1454 τῇ
1165 1382 1372 1454 ἑβδόμῃ
1424 1386 1484 1437 τὸ
1537 1385 1818 1439 ὁπλιτικὸν

58 1485 98 1517 15
119 1470 330 1541 Ἰησοῦς
378 1475 706 1542 συναγαγὼν
753 1472 843 1526 καὶ
890 1475 987 1526 τὸν
1035 1476 1170 1526 λαὸν
1219 1474 1431 1525 ἅπαντα
1471 1475 1570 1541 τὴν
1610 1475 1818 1527 ἅλωσιν

123 1561 310 1624 αὐτοῖς
350 1569 443 1630 τῆς
480 1566 690 1624 πόλεως
729 1562 1145 1630 εὐηγγελίσατο,
1187 1562 1259 1624 ὡς
1298 1559 1413 1614 κατ’
1462 1561 1678 1630 ἐκείνην
1718 1564 1818 1630 τὴν

121 1647 330 1718 ἡμέραν
364 1651 550 1713 αὐτοῖς
582 1658 679 1703 τοῦ
711 1656 851 1703 θεοῦ
884 1651 1086 1718 ταύτην
1118 1649 1466 1720 παρέξοντος,
1500 1651 1817 1718 αὐτομάτως

120 1735 211 1789 καὶ
260 1739 384 1807 δίχα
430 1747 528 1791 τοῦ
575 1741 750 1791 πόνου
798 1747 897 1791 τοῦ
946 1737 1211 1807 σφετέρου
1259 1747 1370 1790 τῶν
1417 1748 1611 1808 τειχῶν
1663 1759 1815 1791 κατε-

119 1824 562 1895 νεχθησομένων.
642 1827 783 1894 <25>
816 1829 1050 1879 κτείνειν
1083 1825 1270 1895 μέντοι
1304 1846 1363 1894 γε
1405 1824 1573 1879 πάνθ’
1622 1828 1814 1880 ὅντινα

51 1928 95 1960 20
119 1913 343 1982 λάβοιεν
382 1916 801 1985 παρεκελεύετο,
848 1913 938 1967 καὶ
986 1918 1116 1983 μήτε
1161 1915 1471 1983 κάμνοντας
1510 1914 1813 1983 ἀποστῆναι

117 2011 216 2056 τοῦ
255 2006 435 2072 φόνου
481 2013 591 2055 τῶν
638 2005 915 2070 πολεμίων
963 2001 1081 2071 μήτ’
1131 2001 1262 2075 ἐλέῳ
1313 2005 1814 2072 παραχωρήσαντας

116 2094 449 2161 φείσασθαι,
500 2094 632 2161 μήτε
682 2090 808 2160 περὶ
860 2090 1111 2160 ἁρπαγὴν
1164 2090 1498 2159 γενομένους
1547 2100 1811 2161 περιορᾶν

115 2181 424 2248 φεύγοντας
455 2184 583 2243 τοὺς
617 2180 878 2250 ἐχθρούς,
927 2180 1066 2247 <26>
1094 2179 1231 2232 ἀλλὰ
1263 2181 1327 2232 τὰ
1361 2176 1461 2247 μὲν
1497 2181 1603 2250 ζῷα
1634 2181 1811 2233 πάντα

116 2269 492 2337 διαφθείρειν,
532 2265 705 2337 μηδὲν
746 2268 946 2330 αὐτοὺς
984 2269 1061 2329 εἰς
1103 2269 1251 2320 ι’ὂίαν
1295 2265 1564 2336 ὠφέλειαν
1605 2270 1809 2337 λαμβά-

49 2369 91 2402 25
116 2372 336 2419 νοντας·
379 2357 480 2409 ὅσα
532 2355 581 2409 δ’
629 2356 698 2408 ἂν
746 2357 985 2425 ἄργυρος
1026 2350 1058 2425 ᾖ
1100 2355 1189 2408 καὶ
1229 2359 1460 2425 χρυσός,
1502 2354 1649 2408 ταῦτ’
1699 2356 1809 2409 ε’κέ-

114 2449 275 2497 λευσε
324 2447 749 2513 συγκομίζοντας
797 2444 1049 2513 ἀπαρχὴν
1109 2443 1384 2513 ἐξαίρετον
1436 2454 1547 2497 τῶν
1601 2465 1807 2513 κατωρ-

110 2531 386 2601 θωμένων
426 2539 500 2603 τῷ
541 2537 655 2603 θεῷ
697 2540 915 2599 τηρεῖν,
956 2530 1014 2583 ἐκ
1054 2539 1146 2599 τῆς
1184 2541 1403 2601 πρῶτον
1445 2531 1807 2600 ἁλισκομένης

111 2623 322 2682 πόλεως
361 2621 672 2689 εἰληφότας·
726 2621 916 2682 σώζειν
957 2615 1016 2670 δὲ
1057 2621 1234 2687 μόνην
1265 2617 1534 2689 Ῥαχάβην
1575 2619 1666 2673 καὶ
1704 2623 1805 2689 τὴν

110 2709 307 2775 γενεὰν
363 2708 530 2776 αὐτῆς
584 2709 676 2760 διὰ
729 2710 856 2769 τοὺς
902 2705 1235 2775 γενομένους
1280 2710 1416 2776 πρὸς
1468 2708 1639 2777 αὐτὴν
1691 2718 1804 2771 τοῖς

43 2809 86 2841 30
109 2799 470 2859 κατασκόποις
509 2797 720 2866 ὅρκους.

227 2901 251 2950 ξ
286 2902 340 2941 22
368 2920 423 2934 =
446 2898 531 2941 Ios,>
565 2898 629 2941 VI
664 2903 699 2941 1.
