2052 3141
800 98 1075 138 TETAPTH
1670 93 1778 144 213

93 248 289 301 κεσαν,
336 235 431 286 τὸν
484 229 544 284 δὲ
591 233 857 285 τοιούτων
911 229 1131 299 ἀνδρῶν
1172 227 1389 300 ὀλέθρῳ
1429 226 1520 280 καὶ
1558 228 1779 280 πάντων

95 321 334 391 ἀρίστων
366 320 695 390 ἐζημιωκότα
726 322 824 373 τὸν
857 322 1010 386 λαόν,
1050 320 1185 387 πρὸς
1224 325 1297 388 τῷ
1338 318 1608 386 μηδεμιάν
1648 315 1781 376 ὑπο-

97 420 248 480 σχεῖν
311 411 505 478 δίκην,
567 411 645 461 ἔτι
698 407 789 460 καὶ
850 409 950 475 τὴν
1014 407 1321 476 ἱερωσύνην
1376 405 1782 474 ἀναμφίλεκτον

96 497 349 569 τάδελφῷ
383 506 707 567 παρασχεῖν·
748 496 891 563 <62>
925 493 1126 548 οὐδένα
1160 496 1262 563 γὰρ
1298 493 1367 546 ἔτ’
1408 495 1573 562 αὐτῆς
1612 494 1783 544 ἄλλον

52 603 72 635 5
99 586 575 655 ἀντιποιήσεσθαι,
614 584 703 638 καὶ
752 587 880 647 τοὺς
926 585 1176 654 πρώτους
1217 583 1430 652 ὁρῶντα
1469 591 1646 643 κακῶς
1686 579 1784 632 ἀπ-

104 677 391 737 ολωλότας.
470 677 547 726 ἔτι
587 694 647 742 γε
681 675 789 742 μὴν
823 671 911 725 καὶ
943 673 1088 740 παρὰ
1122 682 1230 724 τῶν
1265 673 1484 724 οἰκείων
1521 679 1635 732 τοῖς
1676 670 1784 720 διε-

95 761 440 832 φθαρμένοις
480 761 664 830 δεήσις
705 761 917 829 ἐγένετο
957 762 1130 828 πολλὴ
1172 768 1269 813 τοῦ
1309 761 1586 827 πλήθους,
1627 766 1784 826 μειῶ-

97 854 192 903 σαί
226 871 276 904 τι
315 860 409 919 τῆς
438 850 712 913 Μωυσέος
751 853 1135 918 μεγαλαυχίας·
1178 846 1417 918 ἀσφαλὲς
1455 849 1559 917 γὰρ
1601 847 1786 907 αὐτοῖς

95 937 239 992 τοῦτ’
287 935 444 991 εἶναι.

31 1045 72 1076 10
207 1027 351 1095 <63>
382 1029 630 1094 Μωυσῆς
662 1024 726 1078 δέ
757 1024 870 1096 (καὶ
903 1026 1005 1093 γὰρ
1041 1024 1098 1077 ἐκ
1137 1028 1347 1077 πολλοῦ
1388 1023 1788 1090 συνιστάμενον

96 1116 334 1184 ἠκροᾶτο
366 1117 463 1168 τὸν
494 1112 772 1185 θόρυβον)
807 1115 990 1176 δείσας
1022 1117 1092 1182 μή
1128 1134 1177 1165 τι
1217 1115 1582 1180 νεωτερίσωσι
1622 1110 1788 1162 πάλιν

97 1202 189 1255 καὶ
229 1201 455 1272 γένηταί
481 1223 532 1255 τι
565 1202 701 1272 μέγα
734 1201 823 1255 καὶ
863 1205 1120 1272 χαλεπόν,
1162 1204 1437 1269 συνήγαγε
1477 1202 1537 1253 τὸ
1578 1203 1791 1266 πλῆθος

100 1294 177 1354 είς
225 1292 550 1361 ἐκκλησίαν,
606 1290 738 1357 [καὶ]
786 1290 909 1360 περὶ
958 1288 1060 1359 μὲν
1102 1286 1179 1342 ὧν
1220 1291 1489 1358 ἠκροᾶτο,
1541 1289 1618 1349 εἰς
1657 1286 1790 1338 ἀπο-

100 1383 294 1447 λογίαν
335 1380 402 1432 οὐ
440 1380 860 1448 καθιστάμενος,
899 1380 990 1432 ἵνα
1023 1380 1094 1447 μὴ
1136 1378 1416 1448 παροξύνῃ
1456 1379 1516 1430 τὸ
1557 1380 1790 1443 πλῆθος,

36 1484 77 1516 15
102 1468 234 1521 αὐτὸ
283 1465 343 1520 δὲ
391 1471 566 1537 μόνον
611 1477 725 1530 τοῖς
771 1468 1074 1536 φυλάρχοις
1119 1467 1398 1536 προειπὼν
1446 1466 1686 1532 κομίζειν
1725 1463 1791 1514 τὰ

100 1566 210 1608 τῶν
250 1561 443 1625 φυλῶν
484 1556 725 1624 ὀνόματα
775 1559 1092 1624 βακτηρίαις
1132 1552 1594 1622 ἐπιγεγραμμένα·
1646 1552 1790 1619 <64>

102 1647 378 1713 λήψεσθαι
410 1646 512 1714 γὰρ
548 1644 759 1697 ἐκεῖνον
798 1646 898 1712 τὴν
940 1645 1246 1713 ἱερωσύνην
1287 1639 1456 1711 οὗπερ
1498 1641 1566 1694 ἂν
1601 1641 1628 1694 ὁ
1661 1641 1794 1702 θεὸς

105 1732 409 1803 ἐπισημήνῃ
448 1740 512 1802 τῇ
553 1736 833 1804 βακτηρίᾳ.
913 1732 1079 1796 δόξαν
1121 1728 1249 1799 οὖν,
1289 1734 1608 1799 κομίζουσιν
1648 1730 1706 1781 οἵ
1740 1726 1784 1780 τ’

104 1822 262 1873 ἄλλοι
294 1820 385 1873 καὶ
419 1819 650 1891 Ἀαρών,
692 1820 994 1891 ἐπιγράψας
1019 1823 1259 1888 Λευίτην
1301 1819 1361 1872 ἐν
1400 1827 1462 1888 τῇ
1503 1819 1792 1887 βακτηρία·

39 1926 81 1957 20
105 1908 194 1962 καὶ
234 1911 432 1972 ταύτας
455 1913 702 1977 4Μωυσῆς
735 1909 794 1962 ἐν
825 1917 888 1977 τῇ
924 1916 1095 1978 σκηνῇ
1136 1917 1234 1961 τοῦ
1273 1913 1413 1960 θεοῦ
1452 1910 1792 1974 κατατίθησι.

106 2005 169 2067 τῇ
212 1995 261 2050 δ’
302 1998 529 2069 ἐπιούσῃ
568 2000 903 2068 προυκόμισε
944 1999 1037 2060 τὰς
1071 2000 1383 2066 βακτηρίας·
1424 1996 1693 2064 γνώριμοι
1735 1990 1787 2045 δ’

105 2083 274 2156 ἦσαν,
320 2085 858 2156 κατασημηναμένων
906 2086 1071 2147 αὐτὰς
1116 2095 1226 2137 τῶν
1273 2083 1317 2136 τ’
1365 2083 1587 2153 ἀνδρῶν
1639 2084 1793 2152 οἵπερ

111 2174 385 2243 ἐκόμιζον,
434 2175 525 2228 καὶ
563 2185 662 2229 τοῦ
700 2178 965 2243 πλήθους.
1044 2175 1188 2242 <65>
1228 2171 1317 2225 καὶ
1356 2174 1450 2235 τὰς
1490 2169 1589 2241 μὲν
1630 2173 1797 2232 ἄλλας

111 2261 194 2332 ἐφ’
250 2260 421 2333 οὗπερ
477 2265 644 2326 αὐτὰς
700 2266 971 2333 σχήματος
1020 2265 1267 2330 ΝΙωυσῆς
1313 2259 1653 2330 παρέλαβεν,
1708 2257 1796 2311 ἐπὶ

43 2366 85 2398 25
109 2352 308 2404 τούτου
340 2355 703 2420 μεμενηκυίας
736 2355 990 2420 ἔβλεπον·
1033 2350 1090 2403 ἐκ
1131 2348 1191 2402 δὲ
1231 2358 1323 2418 τῆς
1355 2349 1628 2419 Ἀαρῶνος
1666 2350 1797 2416 βλα-

111 2440 272 2501 στούς
324 2459 380 2491 τε
426 2438 518 2491 καὶ
564 2440 801 2501 κλάδους
848 2439 1164 2507 ἀναφύντας
1213 2437 1401 2508 ἑώρων
1449 2436 1539 2489 καὶ
1585 2437 1797 2505 καρπὸν

111 2528 338 2597 ὡραῖον·
395 2521 683 2595 ἀμύγδαλα
724 2526 772 2579 δ’
819 2524 915 2596 ἧν,
968 2527 1026 2579 ἐκ
1065 2528 1320 2579 τοιούτου
1362 2526 1529 2590 ξύλου
1569 2531 1662 2592 τῆς
1701 2527 1797 2592 βα-

109 2619 332 2685 κτηριάς
364 2614 880 2684 κατεσκευασμένης.
957 2616 1101 2683 <66>
1127 2614 1482 2683 ἐκπλαγέντες
1508 2611 1556 2666 δ’
1599 2611 1684 2666 ἐπὶ
1723 2618 1797 2683 τςό

110 2703 402 2776 παραδόξῳ
436 2711 529 2771 τῆς
558 2702 712 2770 θέας,
753 2706 802 2755 εί
830 2706 926 2755 καί
951 2718 1060 2755 τισι
1102 2705 1193 2755 διὰ
1227 2707 1420 2772 μίσους
1460 2699 1529 2770 ἧν
1570 2702 1598 2755 ὁ
1627 2705 1797 2754 Μωυ-

45 2808 88 2838 30
113 2800 209 2859 σῆς
241 2791 331 2844 καὶ
365 2789 595 2860 Ἀαρών,
635 2790 863 2861 ἀφέντες
895 2800 1055 2844 τοῦτο
1088 2792 1391 2860 θαυμάζειν
1424 2790 1657 2860 ἤρξαντο
1697 2791 1798 2859 τὴν

232 2897 257 2947 ξ
288 2898 343 2937 63
370 2914 424 2929 =
448 2892 585 2936 Num.
617 2892 746 2935 XVH
779 2897 819 2936 1.

1821 1037 1846 1074 [Φ
