2052 3141
211 99 320 150 330
824 101 1277 142 ΑΡΧΑΙοΛοΓΙΑΣ

211 233 418 301 σάμην,
467 231 730 296 ἐπιδεῖξαι
777 236 1115 301 βουλόμενος
1161 234 1259 301 τὴν
1308 242 1406 286 τοῦ
1455 239 1596 287 θεοῦ
1637 235 1894 304 δύναμιν,

211 320 294 372 ὅτι
326 321 501 392 τούτῳ
533 321 800 390 παράγειν
834 320 1065 389 ἐφικτόν·
1094 320 1241 373 ἐστιν
1281 323 1358 384 εἰς
1397 321 1605 390 ἀξίωμα
1645 325 1894 392 λαμπρὸν

210 407 299 460 καὶ
338 412 466 470 τοὺς
512 407 890 478 ἐπιτυχόντας,
938 411 1015 471 εἰς
1063 402 1182 462 οἷον
1231 409 1471 477 ἀνήγαγε
1510 409 1600 462 καὶ
1639 413 1895 480 Δαυίδην

125 500 191 551 10
211 495 269 547 ἐκ
330 497 597 549 τοιούτων
662 499 996 565 γενόμενον·
1079 498 1259 565 <338>
1316 494 1561 564 Ἑβραῖοι
1627 496 1722 565 δέ,
1782 509 1894 552 τῶν

208 585 542 653 πραγμάτων
591 585 775 647 αὐτοῖς
820 583 1267 654 ὑπενεχθέντων,
1322 585 1489 637 πάλιν
1531 587 1772 654 πόλεμον
1812 587 1941 640 «ἐκ-5

209 670 445 741 φέρουσι
473 677 868 735 Παλαιστινοῖς
908 675 998 725 διὰ
1038 675 1137 741 τὴν
1177 674 1435 741 τοιαύτην
1479 674 1672 725 αἰτίαν.
1743 672 1896 728 Ἠλεὶ

208 768 282 830 τῷ
326 759 570 829 ἀρχιερεῖ
607 763 708 813 δύο
749 762 938 823 παῖδες
977 758 1136 829 ἦσαν,
1171 758 1357 830 Ὀφνίς
1396 781 1451 813 τε
1492 760 1581 813 καὶ
1617 761 1896 831 Φινεέσης.

207 848 390 916 <339>
431 845 584 903 οὗτοι
624 848 714 901 καὶ
760 851 896 917 πρὸς
934 848 1266 916 ἀνθρώπους
1316 847 1569 917 ὑβρισταὶ
1611 853 1897 918 γενόμενοι

210 935 300 988 καὶ
339 939 475 1006 πρὸς
514 939 574 990 τὸ
613 943 774 990 θεῖον
808 937 1021 1005 ἀσεβεῖς
1060 937 1288 999 οὐδενὸς
1330 936 1617 1007 ἀπείχοντο
1657 955 1897 1007 παρανο-

209 1027 471 1093 μήματος,
510 1024 599 1077 καὶ
639 1027 704 1077 τά
743 1022 843 1093 μὲν
883 1024 1144 1094 ἐφέροντο
1179 1035 1286 1078 τῶν
1327 1035 1504 1093 γερῶν
1543 1028 1676 1078 κατὰ
1716 1030 1896 1096 τιμήν,
1924 1043 1966 1075 10

210 1112 242 1164 ἃ
285 1110 333 1165 δ’
384 1113 695 1182 ἐλάμβανον
743 1113 929 1175 αὑτοῖς
977 1113 1222 1181 ἁρπαγῆς
1272 1117 1486 1185 τρόπῳ,
1539 1115 1801 1180 γυναῖκάς
1841 1135 1897 1167 τε

209 1202 304 1262 τὰς
336 1200 422 1253 ἐπὶ
453 1205 724 1272 θρησκεία
755 1200 1195 1269 παραγινομένας
1227 1202 1451 1269 ὕβριζον
1485 1208 1743 1270 φθοραῖς,
1784 1213 1898 1267 ταῖς

210 1286 311 1357 μὲν
367 1292 494 1356 βίαν
549 1287 990 1358 προσφέροντες,
1042 1290 1133 1350 τὰς
1181 1285 1239 1340 δὲ
1296 1290 1498 1355 δώροις
1546 1289 1898 1359 ὑπαγόμενοι·

210 1380 538 1445 τυραννίδος
579 1374 628 1430 δ’
678 1374 844 1430 οὐδὲν
885 1375 1173 1429 ἀπέλειπεν
1214 1377 1241 1429 ὁ
1283 1380 1403 1445 βιός
1442 1378 1638 1429 αὐτῶν.
1717 1379 1899 1447 <34Ο>

211 1465 239 1517 ὅ
265 1463 310 1517 τ’
344 1461 446 1517 οὗν
478 1467 652 1533 πατὴρ
687 1465 872 1526 αὐτοῖς
905 1463 990 1517 ἐπὶ
1024 1466 1237 1526 τούτοις
1278 1469 1521 1533 χαλεπῶς
1561 1462 1724 1535 εἶχεν,
1764 1467 1898 1521 ὅσον
1923 1483 1964 1515 15

211 1554 362 1606 οὔπω
411 1555 738 1622 προσδοκῶν
790 1553 935 1619 ἥξειν
984 1552 1040 1604 ἐκ
1088 1558 1226 1606 θεοῦ
1279 1556 1544 1621 τιμωρίαν
1586 1555 1772 1617 αὐτοῖς
1812 1554 1898 1608 ἐπὶ

210 1651 323 1703 τοῖς
361 1640 781 1710 πραττομένοις,
830 1644 888 1693 τό
931 1661 983 1692 τε
1025 1645 1238 1708 πλῆθος
1278 1640 1590 1709 ἐδυσφόρει.
1669 1642 1896 1712 κάπειδὴ

210 1730 401 1798 φράζει
434 1732 532 1797 τὴν
568 1728 835 1798 ἐσομένην
869 1731 1160 1798 συμφοράν
1194 1731 1221 1783 ὁ
1254 1732 1385 1792 θεὸς
1425 1741 1536 1792 τοῖς
1574 1732 1763 1785 παισὶν
1803 1735 1898 1786 αὐ-

211 1825 308 1869 τοῦ
348 1825 420 1888 τῷ
455 1815 498 1868 τ’
543 1815 696 1869 Ἠλεὶ
730 1816 817 1868 καὶ
846 1820 1157 1889 Σαμουήλῳ
1200 1825 1271 1888 τῷ
1313 1822 1584 1888 προφήτῃ.
1624 1821 1777 1873 παιδὶ
1819 1820 1891 1874 ἔτ’

211 1907 356 1972 ὄντι,
397 1908 516 1957 τότε
558 1907 801 1973 φανερὸν
845 1904 930 1956 ἐπὶ
971 1914 1083 1967 τοῖς
1127 1907 1263 1967 υῐοῖς
1304 1905 1509 1969 πένθος
1551 1904 1659 1974 ἦγε.
1922 1924 1966 1955 20

150 2009 175 2047 2
324 1994 504 2060 <341>
545 1995 813 2060 βούλομαι
864 1991 921 2045 δὲ
972 1995 1034 2045 τὰ
1083 1993 1205 2061 περὶ
1248 2002 1343 2046 τοῦ
1383 1999 1669 2064 προφήτου
1709 2001 1898 2064 πρότε-

211 2102 310 2150 ρον
351 2081 652 2143 διεξελθὼν
686 2079 860 2133 ἔπειθ’
901 2082 1042 2133 οὕτω
1084 2083 1147 2133 τὰ
1187 2081 1309 2149 περὶ
1352 2085 1477 2143 τοὺς
1513 2081 1658 2135 Ἠλεὶ
1703 2088 1900 2148 παῖδας

210 2171 403 2237 εἰπεῖν,
442 2168 531 2220 καὶ
565 2171 665 2237 τὴν
700 2171 1001 2238 δυστυχίαν
1035 2171 1132 2236 τὴν
1166 2177 1236 2240 τῷ
1278 2169 1436 2221 παντὶ
1483 2175 1594 2241 λαῷ
1627 2170 1898 2240 “Εβραι’ων

211 2255 529 2325 γενομένην.
608 2259 788 2324 <342>
840 2255 1099 2326 Ἀλκάνης
1157 2262 1391 2326 Λευίτης
1445 2258 1617 2326 ἀνήρ.
1675 2271 1782 2314 τῶν
1838 2262 1898 2315 ἐν

210 2345 354 2418 μέσῳ
406 2351 675 2408 πολιτῶν,
728 2355 819 2413 τῆς
860 2344 1162 2414 Ἐφραΐμου
1211 2350 1562 2415 κληρουχίας,
1610 2345 1962 2416 Ἀρμαθάνῖὃ

208 2436 370 2486 πόλιν
422 2444 715 2496 κατοικῶν,
765 2434 949 2502 ἐγάμει
994 2436 1095 2487 δύο
1138 2445 1428 2501 γυναῖκας,
1467 2434 1672 2488 ’Ἅνναν
1713 2457 1765 2489 τε
1807 2437 1894 2489 καὶ

212 2522 519 2574 Φενάνναν.
600 2522 657 2574 ἐκ
706 2524 772 2590 δὴ
828 2525 1023 2590 ταύτης
1070 2522 1152 2574 καὶ
1205 2525 1394 2585 παῖδες
1433 2524 1579 2593 αὐτῷ
1621 2528 1894 2591 γίνονται·

209 2612 308 2677 τὴν
349 2608 398 2661 δ’
441 2608 630 2677 ἑτέραν
663 2612 890 2663 ἄτεκνον
925 2607 1097 2662 οὖσαν
1131 2611 1356 2677 ἀγαπῶν
1397 2609 1636 2663 διετέλει.
1716 2613 1896 2678 <343>

211 2697 548 2765 ἀφικομένου
597 2695 656 2750 δὲ
712 2699 844 2766 μετὰ
887 2709 993 2750 τῶν
1037 2710 1313 2765 γυναικῶν
1363 2707 1459 2751 τοῦ
1503 2697 1768 2752 Ἀλκάνου
1818 2703 1895 2762 εἰς

209 2786 361 2836 Σιλὼ
410 2789 571 2837 πόλιν
618 2792 789 2838 θῦσαι
840 2786 1105 2855 (ἐνταῦθα
1156 2789 1256 2854 γὰρ
1309 2787 1336 2853 ἡ
1387 2789 1557 2855 σκηνὴ
1611 2795 1708 2840 τοῦ
1758 2793 1894 2841 θεοῦ
1919 2799 1964 2832 30

331 2891 353 2937 ⁴5²
389 2891 473 2929 33³
503 2907 554 2920 =
587 2891 603 2927 1
644 2886 754 2939 Heg.
791 2887 827 2930 ll
867 2893 929 2929 12.
