2052 3141
837 58 1018 121 T'PITH
1668 78 1774 131 145

85 218 273 284 ὄνησις
312 212 429 268 οὐδ’
476 215 593 282 ἥτις
630 209 726 281 ἦν,
777 211 1190 282 διεφθαρμένου
1230 213 1338 267 ὑπό
1378 234 1433 266 τε
1475 216 1776 282 σκωλήκων

83 303 174 356 καὶ
213 305 444 373 πικρίας.
508 301 650 355 οὕτω
683 306 845 353 θεῖον
884 297 954 368 ἦν
986 303 1046 354 τὸ
1081 304 1275 373 βρῶμα
1314 301 1404 356 καὶ
1443 301 1773 372 παράδοξον.

86 393 229 459 <31>
278 390 474 459 ἀμύνει
521 387 582 442 δὲ
629 396 744 451 τοῖς
790 390 996 457 ταύτην
1046 388 1371 459 νεμομένοις
1415 393 1515 459 τὴν
1568 391 1626 444 ἐκ
1665 401 1776 444 τῶν

85 482 267 533 ἄλλων
315 478 563 549 ἀπορίαν.
641 480 719 530 ε”τι
767 474 829 530 δὲ
874 475 964 530 καὶ
1010 485 1116 530 νῦν
1166 479 1318 531 ὕεται
1356 487 1460 541 πᾶς
1500 478 1707 543 ἐκεῖνος
1747 480 1776 533 ὁ

39 582 60 614 5
85 571 264 637 τόπος,
303 568 552 637 καθάπερ
584 565 674 619 καὶ
706 569 826 619 τότε
850 569 1089 619 Μωυσεῖ
1115 569 1476 636 χαριζόμενον
1514 571 1574 621 τὸ
1615 574 1777 622 θεῖον

84 655 389 725 κατέπεμψε
422 658 522 725 τὴν
549 657 870 725 διατροφήν.
922 655 1065 723 <32>
1092 660 1322 708 καλοῦσι
1355 653 1405 708 δ’
1437 654 1683 726 Ἑβραῖοι
1716 659 1775 710 τὸ

85 748 277 814 βρῶμα
316 753 477 798 τοῦτο
511 744 711 812 μάννα·
754 745 814 796 τὸ
848 743 952 812 γὰρ
986 743 1094 811 μάν
1136 743 1465 813 ἐπερώτησις
1502 745 1637 797 κατὰ
1676 746 1777 813 τὴν

85 832 352 901 ἡμετέραν
393 833 707 900 διάλεκτον,
747 835 804 884 τί
838 829 984 884 τοῦτ’
1033 831 1182 884 ἐστὶν
1222 832 1612 901 ἀνακρίνουσα.
1688 831 1780 885 καὶ

86 924 144 974 οἳ
171 918 272 990 μὲν
303 924 586 991 χαίροντες
619 919 706 972 ἐπὶ
739 929 852 982 τοῖς
892 917 981 971 ἀπ’
1023 920 1267 989 οὐρανοῦ
1307 927 1779 990 καταπεμφθεῖσιν

22 1026 63 1057 10
89 1009 274 1072 αὐτοῖς
306 1007 608 1076 διετέλουν,
649 1015 712 1077 τῇ
748 1005 808 1060 δὲ
841 1015 1016 1077 τροφῇ
1049 1009 1217 1078 ταύτῃ
1257 1007 1632 1079 τετταράκοντ’
1673 1012 1781 1062 ἔτε-

89 1112 178 1150 σιν
219 1097 546 1167 ἐχρήσαντο,
587 1094 671 1167 ἐφ’
720 1097 855 1150 ὅσον
895 1099 1098 1166 χρόνον
1136 1094 1277 1165 ἦσαν
1319 1096 1378 1150 ἐν
1416 1105 1480 1166 τῇ
1523 1100 1720 1170 ἐρήμῳ.

201 1185 344 1253 <33>
386 1185 459 1247 ὡς
492 1182 540 1237 δ’
581 1183 797 1238 ἐκεῖθεν
837 1186 1066 1254 ἄραντες
1105 1186 1182 1247 εἰς
1212 1183 1460 1254 Ῥαφιδὶν
1498 1182 1653 1254 ἧκον,
1693 1205 1782 1238 τα-

90 1270 533 1341 λαιπωρηθέντες
563 1271 670 1325 ὑπὸ
704 1280 804 1325 τοῦ
839 1273 1036 1336 δίψους
1068 1274 1144 1334 είς
1184 1275 1432 1342 ἔσχατον,
1472 1276 1533 1327 ἔν
1572 1294 1627 1326 τε
1667 1284 1784 1337 ταῖς

89 1363 358 1429 πρότερον
405 1359 632 1429 ἡμέραις
686 1360 908 1423 πίδαξιν
960 1361 1169 1428 ὀλίγαις
1221 1361 1645 1432 ἐντυγχάνοντες
1693 1361 1785 1415 καὶ

25 1467 65 1498 15
90 1452 210 1502 τότε
253 1448 565 1501 παντάπασι
604 1450 850 1517 ἄνυδρον
890 1449 1143 1518 εὑρόντες
1182 1451 1283 1517 τὴν
1322 1458 1452 1519 γῆν,
1500 1450 1559 1503 ἐν
1599 1461 1786 1514 κακοῖς

90 1535 231 1606 ἦσαν
255 1535 345 1590 καὶ
369 1534 640 1589 πάλιν’δι’
674 1537 839 1607 ὀργῆς
869 1539 966 1590 τὸν
991 1540 1245 1605 Μωυσῆν
1272 1537 1576 1593 ἐποιοῦντο.
1640 1541 1784 1609 <34>

92 1627 120 1679 ὃ
170 1623 230 1679 δὲ
276 1627 377 1694 τὴν
431 1627 608 1696 ὁρμὴν
663 1635 762 1679 τοῦ
809 1628 1061 1694 πλήθους
1107 1628 1242 1695 πρὸς
1288 1630 1486 1697 μικρὸν
1538 1627 1787 1692 ἐκκλίνας

94 1714 181 1768 ἐπὶ
221 1715 371 1776 λιτὰς
409 1714 658 1784 τρέπεται
698 1723 797 1768 τοῦ
836 1720 1004 1782 θεοῦ,
1051 1720 1409 1784 παρακαλῶν,
1460 1717 1532 1778 ὡς
1571 1719 1786 1786 τροφὴν

95 1803 280 1865 αὐτοῖς
333 1804 538 1855 ἔδωκεν
586 1801 1012 1873 ἀπορουμένοις,
1067 1804 1211 1856 οὕτω
1260 1803 1349 1856 καὶ
1395 1807 1565 1858 ποτὸν
1615 1823 1786 1875 παρα-

28 1908 70 1939 20
96 1901 278 1961 σχεῖν,
326 1890 794 1960 διαφθειρομένης
843 1890 933 1943 καὶ
980 1899 1074 1960 τῆς
1123 1890 1209 1944 ἐπὶ
1249 1900 1312 1961 τῇ
1353 1900 1529 1962 τροφῇ
1569 1894 1788 1963 χάριτος

93 1988 265 2034 ποτοῦ
313 1981 386 2048 μὴ
435 1982 721 2049 παρόντος.
802 1980 944 2048 <35>
993 1980 1021 2032 ὃ
1064 1977 1113 2032 δ’
1161 1980 1262 2033 οὐκ
1309 1983 1386 2043 εἰς
1433 1982 1647 2051 μακρὰν
1686 1983 1787 2050 τὴν

96 2069 310 2138 δωρεὰν
342 2067 691 2137 ἀνεβάλλετο,
732 2076 805 2140 τῷ
849 2066 910 2121 δὲ
941 2071 1181 2121 Mamaea
1215 2067 1470 2138 παρέξειν
1509 2070 1789 2140 ὑπισχνεῖ-

96 2176 183 2208 ται
215 2158 397 2225 πηγὴν
429 2156 520 2210 καὶ
550 2161 766 2225 πλῆθος
796 2157 1016 2224 ὕδατος,
1056 2156 1193 2209 ὅθεν
1227 2157 1292 2210 οὐ
1333 2159 1787 2226 προσδοκήσειαν.

97 2243 187 2296 καὶ
217 2245 427 2297 κελεύει
458 2252 530 2316 τῷ
569 2245 787 2317 βάκτρῳ
819 2245 1097 2313 πλήξαντα
1128 2246 1230 2313 τὴν
1261 2244 1466 2315 πέτραν
1498 2246 1568 2313 ἣν
1602 2244 1789 2315 ἑώρων

32 2347 74 2380 25
100 2332 300 2385 αὐτόθι
347 2332 783 2403 παρακειμένην,
833 2331 959 2402 παρ’
1007 2334 1174 2402 αὐτῆς
1224 2334 1525 2402 λαμβάνειν
1563 2335 1663 2402 τὴν
1703 2334 1792 2386 εὐᾼ

99 2424 299 2491 πορίαν
355 2417 422 2475 οὗ
470 2420 709 2475 δέονται·
765 2424 1078 2491 φροντίζειν
1125 2423 1229 2490 γὰρ
1278 2421 1368 2475 καὶ
1415 2430 1513 2476 τοῦ
1561 2423 1632 2490 μὴ
1686 2425 1791 2475 σὺν

99 2512 252 2582 πόνῳ
300 2507 426 2578 μηδ’
475 2509 702 2580 ἐργασίᾳ
747 2511 807 2562 τὸ
858 2512 1029 2563 ποτὸν
1077 2510 1263 2572 αὐτοῖς
1309 2518 1566 2579 φανῆναι.
1646 2513 1790 2579 <36>

100 2596 190 2650 καὶ
221 2600 470 2666 Μωυσῆς
500 2605 670 2650 ταῦτα
710 2599 895 2665 λαβὼν
934 2599 1080 2668 παρὰ
1118 2607 1218 2652 τοῦ
1256 2605 1397 2652 θεοῦ
1436 2601 1793 2669 παραγίνεται

101 2687 237 2755 πρὸς
282 2688 380 2739 τὸν
428 2688 563 2739 λαὸν
603 2686 964 2757 περιμένοντα
1011 2686 1101 2739 καὶ
1148 2689 1225 2749 είς
1265 2688 1433 2740 αὐτὸν
1473 2686 1790 2758 ἀφορῶντα·

37 2788 81 2819 30
103 2772 195 2826 καὶ
248 2775 352 2844 γὰρ
406 2776 511 2843 ἤδη
565 2774 656 2828 καὶ
712 2775 994 2845 ἐθεώρουν
1057 2776 1226 2828 αὐτὸν
1281 2775 1386 2829 ἀπὸ
1441 2784 1534 2844 τῆς
1588 2784 1795 2844 σκοπῆς

225 2879 249 2928 ξ
282 2880 336 2918 32
365 2897 420 2911 =
445 2875 588 2920 Exod.
622 2876 729 2919 XVI
763 2881 830 2921 15.

196 2956 408 2990 IosEPHus.
443 2966 469 2989 1.
1474 2955 1526 2994 10
