<?xml version="1.0" encoding="UTF-8"?>
<!DOCTYPE html PUBLIC "-//W3C//DTD XHTML 1.0 Transitional//EN"
    "http://www.w3.org/TR/xhtml1/DTD/xhtml1-transitional.dtd">
<html xmlns="http://www.w3.org/1999/xhtml" xml:lang="en" lang="en">
 <head>
  <title>
</title>
<meta http-equiv="Content-Type" content="text/html;charset=utf-8" />
  <meta name='ocr-system' content='tesseract 3.04.00' />
  <meta name='ocr-capabilities' content='ocr_page ocr_carea ocr_par ocr_line ocrx_word'/>
</head>
<body>
  <div class='ocr_page' id='page_1' title='image "./flaviiiosephiope01joseuoft_0307.png"; bbox 0 0 2052 3141; ppageno 0'>
   <div class='ocr_carea' id='block_1_1' title="bbox 852 104 1831 155">
    <p class='ocr_par' dir='ltr' id='par_1_1' title="bbox 852 104 1831 155">
     <span class='ocr_line' id='line_1_1' title="bbox 852 104 1831 155; baseline 0.01 -10"><span class='ocrx_word' id='word_1_1' title='bbox 852 106 1117 146; x_wconf 82' lang='grc' dir='ltr'><strong>ΠΕΜΠΤΗ</strong></span> <span class='ocrx_word' id='word_1_2' title='bbox 1723 104 1790 154; x_wconf 76' lang='grc'><em>27</em></span> <span class='ocrx_word' id='word_1_3' title='bbox 1799 104 1831 155; x_wconf 80' lang='lat'><strong>3</strong></span> 
     </span>
    </p>
   </div>
   <div class='ocr_carea' id='block_1_2' title="bbox 144 236 1889 308">
    <p class='ocr_par' dir='ltr' id='par_1_2' title="bbox 144 236 1889 308">
     <span class='ocr_line' id='line_1_2' title="bbox 144 236 1889 308; baseline 0.002 -19"><span class='ocrx_word' id='word_1_4' title='bbox 144 241 453 305; x_wconf 82' lang='grc' dir='ltr'><em>αθροίζεται</em></span> <span class='ocrx_word' id='word_1_5' title='bbox 486 238 733 308; x_wconf 87' lang='grc' dir='ltr'><em>ἀργύρου</em></span> <span class='ocrx_word' id='word_1_6' title='bbox 766 258 820 290; x_wconf 92' lang='grc' dir='ltr'><em>τε</em></span> <span class='ocrx_word' id='word_1_7' title='bbox 854 236 943 290; x_wconf 87' lang='grc' dir='ltr'><em>καὶ</em></span> <span class='ocrx_word' id='word_1_8' title='bbox 975 247 1185 307; x_wconf 92' lang='grc' dir='ltr'><em>χρυσοῦ</em></span> <span class='ocrx_word' id='word_1_9' title='bbox 1217 238 1306 291; x_wconf 85' lang='grc' dir='ltr'><em>καὶ</em></span> <span class='ocrx_word' id='word_1_10' title='bbox 1345 236 1568 307; x_wconf 78' lang='grc' dir='ltr'><em>προσέτι</em></span> <span class='ocrx_word' id='word_1_11' title='bbox 1608 242 1833 308; x_wconf 94' lang='grc' dir='ltr'><em>χαλκοῦ,</em></span> <span class='ocrx_word' id='word_1_12' title='bbox 1865 253 1889 291; x_wconf 84' lang='grc'><strong>9</strong></span> 
     </span>
    </p>
   </div>
   <div class='ocr_carea' id='block_1_3' title="bbox 100 324 1835 659">
    <p class='ocr_par' dir='ltr' id='par_1_3' title="bbox 100 324 1835 659">
     <span class='ocr_line' id='line_1_3' title="bbox 144 324 1833 395; baseline 0.001 -18"><span class='ocrx_word' id='word_1_13' title='bbox 144 327 379 394; x_wconf 87' lang='grc' dir='ltr'><em>μηδενὸς</em></span> <span class='ocrx_word' id='word_1_14' title='bbox 409 326 757 395; x_wconf 74' lang='grc' dir='ltr'><em>παραβάντος</em></span> <span class='ocrx_word' id='word_1_15' title='bbox 788 327 852 378; x_wconf 76' lang='grc' dir='ltr'><em>τὰ</em></span> <span class='ocrx_word' id='word_1_16' title='bbox 887 325 1211 394; x_wconf 72' lang='grc' dir='ltr'><em>δεδογμένα,</em></span> <span class='ocrx_word' id='word_1_17' title='bbox 1244 324 1369 394; x_wconf 81' lang='grc' dir='ltr'><em>μηδ’</em></span> <span class='ocrx_word' id='word_1_18' title='bbox 1402 330 1478 389; x_wconf 83' lang='grc' dir='ltr'><em>εἰς</em></span> <span class='ocrx_word' id='word_1_19' title='bbox 1512 329 1660 380; x_wconf 81' lang='grc' dir='ltr'><em>ἰδίαν</em></span> <span class='ocrx_word' id='word_1_20' title='bbox 1695 325 1833 395; x_wconf 84' lang='grc' dir='ltr'><em>ὠφέ-</em></span> 
     </span>
     <span class='ocr_line' id='line_1_4' title="bbox 145 413 1831 484; baseline 0.001 -19"><span class='ocrx_word' id='word_1_21' title='bbox 145 418 298 466; x_wconf 85' lang='grc' dir='ltr'><em>λειαν</em></span> <span class='ocrx_word' id='word_1_22' title='bbox 338 414 474 465; x_wconf 82' lang='grc' dir='ltr'><em>αὐτὰ</em></span> <span class='ocrx_word' id='word_1_23' title='bbox 515 413 991 483; x_wconf 77' lang='grc' dir='ltr'><em>διαρπασαμένων,</em></span> <span class='ocrx_word' id='word_1_24' title='bbox 1032 413 1148 466; x_wconf 81' lang='grc' dir='ltr'><em>ἀλλ’</em></span> <span class='ocrx_word' id='word_1_25' title='bbox 1183 413 1576 484; x_wconf 77' lang='grc' dir='ltr'><em>ἀποσχομένων</em></span> <span class='ocrx_word' id='word_1_26' title='bbox 1617 415 1688 477; x_wconf 82' lang='grc' dir='ltr'><em>ὡς</em></span> <span class='ocrx_word' id='word_1_27' title='bbox 1727 416 1831 482; x_wconf 75' lang='grc' dir='ltr'><em>ἤδη</em></span> 
     </span>
     <span class='ocr_line' id='line_1_5' title="bbox 143 499 1835 573; baseline 0.001 -21"><span class='ocrx_word' id='word_1_28' title='bbox 143 509 217 573; x_wconf 75' lang='grc' dir='ltr'><em>τῷ</em></span> <span class='ocrx_word' id='word_1_29' title='bbox 265 506 379 572; x_wconf 77' lang='grc' dir='ltr'><em>θεῷ</em></span> <span class='ocrx_word' id='word_1_30' title='bbox 430 500 871 571; x_wconf 78' lang='grc' dir='ltr'><em>καθιερωμένων.</em></span> <span class='ocrx_word' id='word_1_31' title='bbox 956 500 1046 553; x_wconf 86' lang='grc' dir='ltr'><em>καὶ</em></span> <span class='ocrx_word' id='word_1_32' title='bbox 1096 510 1264 554; x_wconf 90' lang='grc' dir='ltr'><em>ταῦτα</em></span> <span class='ocrx_word' id='word_1_33' title='bbox 1316 499 1417 570; x_wconf 75' lang='grc' dir='ltr'><em>μὲν</em></span> <span class='ocrx_word' id='word_1_34' title='bbox 1466 500 1677 571; x_wconf 79' lang='grc' dir='ltr'><em>Ἰησοῦς</em></span> <span class='ocrx_word' id='word_1_35' title='bbox 1723 511 1835 564; x_wconf 82' lang='grc' dir='ltr'><em>τοῖς</em></span> 
     </span>
     <span class='ocr_line' id='line_1_6' title="bbox 100 589 1834 659; baseline 0.001 -18"><span class='ocrx_word' id='word_1_36' title='bbox 100 603 120 635; x_wconf 83' lang='lat'>5</span> <span class='ocrx_word' id='word_1_37' title='bbox 148 590 386 659; x_wconf 76' lang='grc' dir='ltr'><em>ἱερεῦσιν</em></span> <span class='ocrx_word' id='word_1_38' title='bbox 434 591 511 651; x_wconf 81' lang='grc' dir='ltr'><em>εἰς</em></span> <span class='ocrx_word' id='word_1_39' title='bbox 557 592 684 651; x_wconf 86' lang='grc' dir='ltr'><em>τοὺς</em></span> <span class='ocrx_word' id='word_1_40' title='bbox 729 592 1053 657; x_wconf 86' lang='grc' dir='ltr'><em>θησαυροὺς</em></span> <span class='ocrx_word' id='word_1_41' title='bbox 1092 591 1437 659; x_wconf 88' lang='grc' dir='ltr'><em>παραδίδωσι</em></span> <span class='ocrx_word' id='word_1_42' title='bbox 1477 589 1834 643; x_wconf 78' lang='grc' dir='ltr'><em>καταθέσθαι.</em></span> 
     </span>
    </p>
   </div>
   <div class='ocr_carea' id='block_1_4' title="bbox 260 674 1922 747">
    <p class='ocr_par' dir='ltr' id='par_1_4' title="bbox 260 674 1922 747">
     <span class='ocr_line' id='line_1_7' title="bbox 260 674 1922 747; baseline 0.001 -18"><span class='ocrx_word' id='word_1_43' title='bbox 260 678 403 745; x_wconf 82' lang='lat'>&lt;33&gt;</span> <span class='ocrx_word' id='word_1_44' title='bbox 443 676 534 729; x_wconf 87' lang='grc' dir='ltr'><em>καὶ</em></span> <span class='ocrx_word' id='word_1_45' title='bbox 576 676 835 746; x_wconf 76' lang='grc' dir='ltr'><em>Ἱεριχοῦς</em></span> <span class='ocrx_word' id='word_1_46' title='bbox 885 674 984 745; x_wconf 74' lang='grc' dir='ltr'><em>μὲν</em></span> <span class='ocrx_word' id='word_1_47' title='bbox 1035 686 1233 730; x_wconf 89' lang='grc' dir='ltr'><em>τοῦτον</em></span> <span class='ocrx_word' id='word_1_48' title='bbox 1281 677 1523 730; x_wconf 78' lang='grc' dir='ltr'><em>ἀπώλετο</em></span> <span class='ocrx_word' id='word_1_49' title='bbox 1575 680 1671 731; x_wconf 88' lang='grc' dir='ltr'><em>τὸν</em></span> <span class='ocrx_word' id='word_1_50' title='bbox 1713 681 1834 747; x_wconf 84' lang='grc' dir='ltr'><em>τρό-</em></span> <span class='ocrx_word' id='word_1_51' title='bbox 1868 694 1922 732; x_wconf 87' lang='grc'><em>10</em></span> 
     </span>
    </p>
   </div>
   <div class='ocr_carea' id='block_1_5' title="bbox 81 763 1852 2776">
    <p class='ocr_par' dir='ltr' id='par_1_5' title="bbox 81 763 1852 2776">
     <span class='ocr_line' id='line_1_8' title="bbox 151 763 1836 835; baseline 0 -17"><span class='ocrx_word' id='word_1_52' title='bbox 151 784 288 833; x_wconf 90' lang='grc' dir='ltr'><em>πον,</em></span> <span class='ocrx_word' id='word_1_53' title='bbox 317 764 547 835; x_wconf 77' lang='grc' dir='ltr'><em>Ἄχαρος</em></span> <span class='ocrx_word' id='word_1_54' title='bbox 588 763 652 817; x_wconf 89' lang='grc' dir='ltr'><em>δέ</em></span> <span class='ocrx_word' id='word_1_55' title='bbox 686 785 790 832; x_wconf 88' lang='grc' dir='ltr'><em>τις,</em></span> <span class='ocrx_word' id='word_1_56' title='bbox 840 767 1105 833; x_wconf 85' lang='grc' dir='ltr'><em>Ζεβεδίου</em></span> <span class='ocrx_word' id='word_1_57' title='bbox 1145 775 1271 827; x_wconf 79' lang='grc' dir='ltr'><em>παῖς</em></span> <span class='ocrx_word' id='word_1_58' title='bbox 1312 765 1388 817; x_wconf 81' lang='grc' dir='ltr'><em>ὢν</em></span> <span class='ocrx_word' id='word_1_59' title='bbox 1430 765 1487 817; x_wconf 88' lang='grc' dir='ltr'><em>ἐκ</em></span> <span class='ocrx_word' id='word_1_60' title='bbox 1527 774 1621 833; x_wconf 83' lang='grc' dir='ltr'><em>τῆς</em></span> <span class='ocrx_word' id='word_1_61' title='bbox 1654 763 1836 818; x_wconf 84' lang='grc' dir='ltr'><em>Ἰούδα</em></span> 
     </span>
     <span class='ocr_line' id='line_1_9' title="bbox 150 851 1837 923; baseline 0.001 -18"><span class='ocrx_word' id='word_1_62' title='bbox 150 858 346 922; x_wconf 83' lang='grc' dir='ltr'><em>φυλῆς,</em></span> <span class='ocrx_word' id='word_1_63' title='bbox 378 854 558 922; x_wconf 85' lang='grc' dir='ltr'><em>εὑρὼν</em></span> <span class='ocrx_word' id='word_1_64' title='bbox 590 855 840 923; x_wconf 80' lang='grc' dir='ltr'><em>χλαμύδα</em></span> <span class='ocrx_word' id='word_1_65' title='bbox 873 857 1153 922; x_wconf 90' lang='grc' dir='ltr'><em>βασίλειον</em></span> <span class='ocrx_word' id='word_1_66' title='bbox 1190 852 1250 905; x_wconf 88' lang='grc' dir='ltr'><em>ἐκ</em></span> <span class='ocrx_word' id='word_1_67' title='bbox 1282 862 1491 923; x_wconf 85' lang='grc' dir='ltr'><em>χρυσοῦ</em></span> <span class='ocrx_word' id='word_1_68' title='bbox 1524 851 1624 922; x_wconf 75' lang='grc' dir='ltr'><em>μὲν</em></span> <span class='ocrx_word' id='word_1_69' title='bbox 1657 862 1837 906; x_wconf 77' lang='grc' dir='ltr'><em>πᾶσαν</em></span> 
     </span>
     <span class='ocr_line' id='line_1_10' title="bbox 149 939 1838 1011; baseline 0.001 -17"><span class='ocrx_word' id='word_1_70' title='bbox 149 939 502 1010; x_wconf 82' lang='grc' dir='ltr'><em>ὑφασμένην,</em></span> <span class='ocrx_word' id='word_1_71' title='bbox 549 944 721 1009; x_wconf 80' lang='grc' dir='ltr'><em>μᾶζαν</em></span> <span class='ocrx_word' id='word_1_72' title='bbox 775 939 834 994; x_wconf 73' lang='grc' dir='ltr'><em>δὲ</em></span> <span class='ocrx_word' id='word_1_73' title='bbox 874 949 1084 1011; x_wconf 89' lang='grc' dir='ltr'><em>χρυσοῦ</em></span> <span class='ocrx_word' id='word_1_74' title='bbox 1127 943 1375 1009; x_wconf 87' lang='grc' dir='ltr'><em>σταθμὸν</em></span> <span class='ocrx_word' id='word_1_75' title='bbox 1431 941 1700 995; x_wconf 78' lang='grc' dir='ltr'><em>ἕλκουσαν</em></span> <span class='ocrx_word' id='word_1_76' title='bbox 1758 945 1838 995; x_wconf 78' lang='grc' dir='ltr'><em>σι’-</em></span> 
     </span>
     <span class='ocr_line' id='line_1_11' title="bbox 81 1028 1833 1098; baseline 0.001 -17"><span class='ocrx_word' id='word_1_77' title='bbox 81 1045 124 1076; x_wconf 87' lang='lat'><em>10</em></span> <span class='ocrx_word' id='word_1_78' title='bbox 148 1034 295 1082; x_wconf 91' lang='grc' dir='ltr'><em>κλων</em></span> <span class='ocrx_word' id='word_1_79' title='bbox 330 1031 647 1097; x_wconf 84' lang='grc' dir='ltr'><em>διακοσίων,</em></span> <span class='ocrx_word' id='word_1_80' title='bbox 687 1028 777 1082; x_wconf 88' lang='grc' dir='ltr'><em>καὶ</em></span> <span class='ocrx_word' id='word_1_81' title='bbox 811 1032 997 1082; x_wconf 89' lang='grc' dir='ltr'><em>δεινὸν</em></span> <span class='ocrx_word' id='word_1_82' title='bbox 1022 1030 1384 1098; x_wconf 73' lang='grc' dir='ltr'><em>ἡγησάμενος,</em></span> <span class='ocrx_word' id='word_1_83' title='bbox 1418 1030 1446 1081; x_wconf 87' lang='grc' dir='ltr'>ὃ</span> <span class='ocrx_word' id='word_1_84' title='bbox 1472 1032 1833 1094; x_wconf 77' lang='grc' dir='ltr'><em>κινδυνεύσας</em></span> 
     </span>
     <span class='ocr_line' id='line_1_12' title="bbox 147 1117 1815 1187; baseline 0.001 -17"><span class='ocrx_word' id='word_1_85' title='bbox 147 1118 344 1187; x_wconf 80' lang='grc' dir='ltr'><em>ηὕρετο</em></span> <span class='ocrx_word' id='word_1_86' title='bbox 378 1117 588 1186; x_wconf 77' lang='grc' dir='ltr'><em>κέρδος,</em></span> <span class='ocrx_word' id='word_1_87' title='bbox 629 1127 789 1171; x_wconf 90' lang='grc' dir='ltr'><em>τοῦτο</em></span> <span class='ocrx_word' id='word_1_88' title='bbox 822 1127 915 1186; x_wconf 81' lang='grc' dir='ltr'><em>τῆς</em></span> <span class='ocrx_word' id='word_1_89' title='bbox 949 1120 1091 1180; x_wconf 80' lang='grc' dir='ltr'><em>ἰδίας</em></span> <span class='ocrx_word' id='word_1_90' title='bbox 1122 1121 1304 1187; x_wconf 90' lang='grc' dir='ltr'><em>χρείας</em></span> <span class='ocrx_word' id='word_1_91' title='bbox 1337 1117 1672 1187; x_wconf 84' lang='grc' dir='ltr'><em>ἀφελόμενος</em></span> <span class='ocrx_word' id='word_1_92' title='bbox 1712 1120 1815 1171; x_wconf 90' lang='grc' dir='ltr'><em>δοῦ</em></span> 
     </span>
     <span class='ocr_line' id='line_1_13' title="bbox 148 1205 1841 1278; baseline -0.001 -20"><span class='ocrx_word' id='word_1_93' title='bbox 148 1227 241 1258; x_wconf 89' lang='grc' dir='ltr'><em>ναι</em></span> <span class='ocrx_word' id='word_1_94' title='bbox 273 1205 459 1276; x_wconf 85' lang='grc' dir='ltr'><em>φέρων</em></span> <span class='ocrx_word' id='word_1_95' title='bbox 490 1215 563 1278; x_wconf 75' lang='grc' dir='ltr'><em>τῷ</em></span> <span class='ocrx_word' id='word_1_96' title='bbox 597 1212 711 1278; x_wconf 74' lang='grc' dir='ltr'><em>θεῷ</em></span> <span class='ocrx_word' id='word_1_97' title='bbox 746 1205 836 1258; x_wconf 81' lang='grc' dir='ltr'><em>καὶ</em></span> <span class='ocrx_word' id='word_1_98' title='bbox 869 1208 939 1274; x_wconf 87' lang='grc' dir='ltr'><em>μὴ</em></span> <span class='ocrx_word' id='word_1_99' title='bbox 975 1205 1237 1278; x_wconf 79' lang='grc' dir='ltr'><em>δεομένῳ,</em></span> <span class='ocrx_word' id='word_1_100' title='bbox 1278 1208 1491 1275; x_wconf 82' lang='grc' dir='ltr'><em>ὄρυγμα</em></span> <span class='ocrx_word' id='word_1_101' title='bbox 1531 1209 1680 1274; x_wconf 87' lang='grc' dir='ltr'><em>βαθὺ</em></span> <span class='ocrx_word' id='word_1_102' title='bbox 1721 1224 1841 1259; x_wconf 86' lang='grc' dir='ltr'><em>ποι-</em></span> 
     </span>
     <span class='ocr_line' id='line_1_14' title="bbox 150 1294 1841 1363; baseline 0.001 -17"><span class='ocrx_word' id='word_1_103' title='bbox 150 1297 285 1362; x_wconf 88' lang='grc' dir='ltr'><em>ήσας</em></span> <span class='ocrx_word' id='word_1_104' title='bbox 326 1294 385 1347; x_wconf 87' lang='grc' dir='ltr'><em>ἐν</em></span> <span class='ocrx_word' id='word_1_105' title='bbox 431 1303 494 1363; x_wconf 74' lang='grc' dir='ltr'><em>τῇ</em></span> <span class='ocrx_word' id='word_1_106' title='bbox 544 1295 713 1348; x_wconf 86' lang='grc' dir='ltr'><em>αὑτοῦ</em></span> <span class='ocrx_word' id='word_1_107' title='bbox 763 1302 934 1363; x_wconf 75' lang='grc' dir='ltr'><em>σκηνῇ</em></span> <span class='ocrx_word' id='word_1_108' title='bbox 975 1294 1285 1363; x_wconf 79' lang='grc' dir='ltr'><em>κατώρυξεν</em></span> <span class='ocrx_word' id='word_1_109' title='bbox 1326 1297 1402 1356; x_wconf 77' lang='grc' dir='ltr'><em>εἰς</em></span> <span class='ocrx_word' id='word_1_110' title='bbox 1442 1304 1629 1362; x_wconf 86' lang='grc' dir='ltr'><em>τοῦτο,</em></span> <span class='ocrx_word' id='word_1_111' title='bbox 1686 1297 1841 1363; x_wconf 89' lang='grc' dir='ltr'><em>λήσε-</em></span> 
     </span>
     <span class='ocr_line' id='line_1_15' title="bbox 152 1383 1841 1451; baseline 0 -16"><span class='ocrx_word' id='word_1_112' title='bbox 152 1389 286 1435; x_wconf 91' lang='grc' dir='ltr'><em>σθαι</em></span> <span class='ocrx_word' id='word_1_113' title='bbox 333 1385 572 1451; x_wconf 82' lang='grc' dir='ltr'><em>νομίζων</em></span> <span class='ocrx_word' id='word_1_114' title='bbox 625 1384 698 1445; x_wconf 83' lang='grc' dir='ltr'><em>ὡς</em></span> <span class='ocrx_word' id='word_1_115' title='bbox 746 1385 874 1445; x_wconf 85' lang='grc' dir='ltr'><em>τοὺς</em></span> <span class='ocrx_word' id='word_1_116' title='bbox 926 1384 1358 1451; x_wconf 71' lang='grc' dir='ltr'><em>συστρατιώτας,</em></span> <span class='ocrx_word' id='word_1_117' title='bbox 1412 1383 1553 1436; x_wconf 81' lang='grc' dir='ltr'><em>οὕτω</em></span> <span class='ocrx_word' id='word_1_118' title='bbox 1602 1403 1690 1435; x_wconf 86' lang='grc' dir='ltr'><em>και</em></span> <span class='ocrx_word' id='word_1_119' title='bbox 1744 1385 1841 1436; x_wconf 89' lang='grc' dir='ltr'><em>τὸν</em></span> 
     </span>
     <span class='ocr_line' id='line_1_16' title="bbox 86 1466 1841 1541; baseline -0.001 -17"><span class='ocrx_word' id='word_1_120' title='bbox 86 1487 126 1517; x_wconf 85' lang='lat'><em>15</em></span> <span class='ocrx_word' id='word_1_121' title='bbox 151 1474 303 1524; x_wconf 90' lang='grc' dir='ltr'><em>θεόν.</em></span> <span class='ocrx_word' id='word_1_122' title='bbox 383 1471 525 1539; x_wconf 82' lang='grc'>&lt;34&gt;</span> <span class='ocrx_word' id='word_1_123' title='bbox 568 1471 773 1541; x_wconf 82' lang='grc' dir='ltr'><em>ἐκλήθη</em></span> <span class='ocrx_word' id='word_1_124' title='bbox 817 1469 942 1524; x_wconf 83' lang='grc' dir='ltr'><em>δ’ὁ</em></span> <span class='ocrx_word' id='word_1_125' title='bbox 981 1475 1145 1533; x_wconf 89' lang='grc' dir='ltr'><em>τόπος</em></span> <span class='ocrx_word' id='word_1_126' title='bbox 1187 1471 1245 1523; x_wconf 89' lang='grc' dir='ltr'><em>ἐν</em></span> <span class='ocrx_word' id='word_1_127' title='bbox 1287 1466 1327 1523; x_wconf 80' lang='lat' dir='ltr'><em>c5</em></span> <span class='ocrx_word' id='word_1_128' title='bbox 1369 1474 1428 1525; x_wconf 91' lang='grc' dir='ltr'><em>τὸ</em></span> <span class='ocrx_word' id='word_1_129' title='bbox 1471 1472 1841 1541; x_wconf 86' lang='grc' dir='ltr'><em>στρατόπεδον</em></span> 
     </span>
     <span class='ocr_line' id='line_1_17' title="bbox 153 1557 1841 1628; baseline 0 -16"><span class='ocrx_word' id='word_1_130' title='bbox 153 1560 376 1628; x_wconf 79' lang='grc' dir='ltr'><em>ἐβάλετο</em></span> <span class='ocrx_word' id='word_1_131' title='bbox 411 1557 639 1628; x_wconf 85' lang='grc' dir='ltr'><em>Ἰησοῦς,</em></span> <span class='ocrx_word' id='word_1_132' title='bbox 681 1560 952 1627; x_wconf 88' lang='grc' dir='ltr'><em>Γάλγαλα.</em></span> <span class='ocrx_word' id='word_1_133' title='bbox 1032 1562 1283 1628; x_wconf 83' lang='grc' dir='ltr'><em>σημαίνει</em></span> <span class='ocrx_word' id='word_1_134' title='bbox 1318 1557 1377 1612; x_wconf 86' lang='grc' dir='ltr'><em>δε</em></span> <span class='ocrx_word' id='word_1_135' title='bbox 1416 1569 1577 1612; x_wconf 89' lang='grc' dir='ltr'><em>τοῦτο</em></span> <span class='ocrx_word' id='word_1_136' title='bbox 1620 1560 1841 1612; x_wconf 88' lang='grc' dir='ltr'><em>ἐλευθε-</em></span> 
     </span>
     <span class='ocr_line' id='line_1_18' title="bbox 153 1646 1843 1717; baseline 0 -17"><span class='ocrx_word' id='word_1_137' title='bbox 153 1652 278 1715; x_wconf 89' lang='grc' dir='ltr'><em>ρίαν</em></span> <span class='ocrx_word' id='word_1_138' title='bbox 328 1649 531 1716; x_wconf 79' lang='grc' dir='ltr'><em>ὄνομα·</em></span> <span class='ocrx_word' id='word_1_139' title='bbox 582 1649 870 1716; x_wconf 81' lang='grc' dir='ltr'><em>διαβάντες</em></span> <span class='ocrx_word' id='word_1_140' title='bbox 919 1648 1022 1715; x_wconf 80' lang='grc' dir='ltr'><em>γάρ</em></span> <span class='ocrx_word' id='word_1_141' title='bbox 1074 1650 1170 1700; x_wconf 84' lang='grc' dir='ltr'><em>τὸν</em></span> <span class='ocrx_word' id='word_1_142' title='bbox 1220 1650 1466 1716; x_wconf 87' lang='grc' dir='ltr'><em>ποταμὸν</em></span> <span class='ocrx_word' id='word_1_143' title='bbox 1516 1646 1843 1717; x_wconf 85' lang='grc' dir='ltr'><em>ἐλευθέρους</em></span> 
     </span>
     <span class='ocr_line' id='line_1_19' title="bbox 154 1734 1842 1805; baseline 0 -17"><span class='ocrx_word' id='word_1_144' title='bbox 154 1736 353 1798; x_wconf 82' lang='grc' dir='ltr'><em>αὑτοὺς</em></span> <span class='ocrx_word' id='word_1_145' title='bbox 406 1738 511 1804; x_wconf 75' lang='grc' dir='ltr'><em>ἤδη</em></span> <span class='ocrx_word' id='word_1_146' title='bbox 568 1735 673 1789; x_wconf 89' lang='grc' dir='ltr'><em>ἀπό</em></span> <span class='ocrx_word' id='word_1_147' title='bbox 729 1756 784 1788; x_wconf 84' lang='grc' dir='ltr'><em>τε</em></span> <span class='ocrx_word' id='word_1_148' title='bbox 840 1745 947 1788; x_wconf 85' lang='grc' dir='ltr'><em>τῶν</em></span> <span class='ocrx_word' id='word_1_149' title='bbox 1002 1737 1323 1803; x_wconf 82' lang='grc' dir='ltr'><em>Αἰγυπτίων</em></span> <span class='ocrx_word' id='word_1_150' title='bbox 1377 1734 1467 1787; x_wconf 83' lang='grc' dir='ltr'><em>καὶ</em></span> <span class='ocrx_word' id='word_1_151' title='bbox 1520 1743 1614 1803; x_wconf 82' lang='grc' dir='ltr'><em>τῆς</em></span> <span class='ocrx_word' id='word_1_152' title='bbox 1666 1735 1724 1787; x_wconf 86' lang='grc' dir='ltr'><em>ἐν</em></span> <span class='ocrx_word' id='word_1_153' title='bbox 1780 1744 1842 1805; x_wconf 76' lang='grc' dir='ltr'><em>τῇ</em></span> 
     </span>
     <span class='ocr_line' id='line_1_20' title="bbox 156 1821 1846 1897; baseline 0 -21"><span class='ocrx_word' id='word_1_154' title='bbox 156 1824 338 1897; x_wconf 77' lang='grc' dir='ltr'><em>ἐρήμῳ</em></span> <span class='ocrx_word' id='word_1_155' title='bbox 389 1827 755 1891; x_wconf 88' lang='grc' dir='ltr'><em>ταλαιπωριάς</em></span> <span class='ocrx_word' id='word_1_156' title='bbox 804 1823 1120 1892; x_wconf 85' lang='grc' dir='ltr'><em>ἐγίνωσκον.</em></span> <span class='ocrx_word' id='word_1_157' title='bbox 1200 1824 1340 1891; x_wconf 78' lang='lat'>&lt;35&gt;</span> <span class='ocrx_word' id='word_1_158' title='bbox 1381 1825 1513 1892; x_wconf 73' lang='grc' dir='ltr'><em>μετὰ</em></span> <span class='ocrx_word' id='word_1_159' title='bbox 1562 1821 1610 1876; x_wconf 81' lang='grc' dir='ltr'><em>δ’</em></span> <span class='ocrx_word' id='word_1_160' title='bbox 1659 1824 1846 1892; x_wconf 88' lang='grc' dir='ltr'><em>ὀλίγας</em></span> 
     </span>
     <span class='ocr_line' id='line_1_21' title="bbox 88 1910 1847 1983; baseline 0.003 -24"><span class='ocrx_word' id='word_1_161' title='bbox 88 1929 130 1959; x_wconf 82' lang='lat'><em>20</em></span> <span class='ocrx_word' id='word_1_162' title='bbox 153 1911 356 1983; x_wconf 82' lang='grc' dir='ltr'><em>ἡμέρας</em></span> <span class='ocrx_word' id='word_1_163' title='bbox 406 1919 500 1980; x_wconf 83' lang='grc' dir='ltr'><em>τῆς</em></span> <span class='ocrx_word' id='word_1_164' title='bbox 542 1910 902 1981; x_wconf 85' lang='grc' dir='ltr'><em>Ἱεριχοῦντος</em></span> <span class='ocrx_word' id='word_1_165' title='bbox 951 1919 1236 1981; x_wconf 82' lang='grc' dir='ltr'><em>συμφορᾶς</em></span> <span class='ocrx_word' id='word_1_166' title='bbox 1275 1910 1472 1980; x_wconf 88' lang='grc' dir='ltr'><em>πέμπει</em></span> <span class='ocrx_word' id='word_1_167' title='bbox 1511 1915 1847 1981; x_wconf 83' lang='grc' dir='ltr'><em>τρισχιλίους</em></span> 
     </span>
     <span class='ocr_line' id='line_1_22' title="bbox 156 1996 1848 2069; baseline -0.001 -15"><span class='ocrx_word' id='word_1_168' title='bbox 156 2001 378 2063; x_wconf 89' lang='grc' dir='ltr'><em>ὁπλίτας</em></span> <span class='ocrx_word' id='word_1_169' title='bbox 411 1998 622 2068; x_wconf 83' lang='grc' dir='ltr'><em>Ἰησοῦς</em></span> <span class='ocrx_word' id='word_1_170' title='bbox 654 2002 731 2062; x_wconf 84' lang='grc' dir='ltr'><em>εἰς</em></span> <span class='ocrx_word' id='word_1_171' title='bbox 762 1998 965 2052; x_wconf 79' lang='grc' dir='ltr'><em>Ἄνναν</em></span> <span class='ocrx_word' id='word_1_172' title='bbox 998 2002 1160 2051; x_wconf 90' lang='grc' dir='ltr'><em>πόλιν</em></span> <span class='ocrx_word' id='word_1_173' title='bbox 1192 1996 1329 2067; x_wconf 76' lang='grc' dir='ltr'><em>ὑπὲρ</em></span> <span class='ocrx_word' id='word_1_174' title='bbox 1362 2008 1456 2067; x_wconf 79' lang='grc' dir='ltr'><em>τῆς</em></span> <span class='ocrx_word' id='word_1_175' title='bbox 1487 1997 1848 2069; x_wconf 85' lang='grc' dir='ltr'><em>Ἱεριχοῦντος</em></span> 
     </span>
     <span class='ocr_line' id='line_1_23' title="bbox 155 2087 1847 2159; baseline 0 -18"><span class='ocrx_word' id='word_1_176' title='bbox 155 2087 412 2158; x_wconf 80' lang='grc' dir='ltr'><em>κειμένην</em></span> <span class='ocrx_word' id='word_1_177' title='bbox 446 2091 792 2159; x_wconf 79' lang='grc' dir='ltr'><em>αἱρήσοντας·</em></span> <span class='ocrx_word' id='word_1_178' title='bbox 835 2091 891 2141; x_wconf 80' lang='grc' dir='ltr'><em>οἳ</em></span> <span class='ocrx_word' id='word_1_179' title='bbox 928 2090 1325 2156; x_wconf 80' lang='grc' dir='ltr'><em>συμβαλόντων</em></span> <span class='ocrx_word' id='word_1_180' title='bbox 1359 2087 1545 2149; x_wconf 79' lang='grc' dir='ltr'><em>αὐτοῖς</em></span> <span class='ocrx_word' id='word_1_181' title='bbox 1584 2097 1693 2140; x_wconf 87' lang='grc' dir='ltr'><em>τῶν</em></span> <span class='ocrx_word' id='word_1_182' title='bbox 1727 2087 1847 2141; x_wconf 80' lang='grc' dir='ltr'><em>Ἀν-</em></span> 
     </span>
     <span class='ocr_line' id='line_1_24' title="bbox 156 2175 1849 2246; baseline -0.001 -17"><span class='ocrx_word' id='word_1_183' title='bbox 156 2187 324 2230; x_wconf 84' lang='grc' dir='ltr'><em>νιτῶν</em></span> <span class='ocrx_word' id='word_1_184' title='bbox 371 2176 664 2246; x_wconf 86' lang='grc' dir='ltr'><em>τραπέντες</em></span> <span class='ocrx_word' id='word_1_185' title='bbox 718 2177 1130 2245; x_wconf 77' lang='grc' dir='ltr'><em>ἀποβάλλουσιν</em></span> <span class='ocrx_word' id='word_1_186' title='bbox 1186 2177 1393 2244; x_wconf 80' lang='grc' dir='ltr'><em>ἄνδρας</em></span> <span class='ocrx_word' id='word_1_187' title='bbox 1447 2175 1498 2238; x_wconf 76' lang='grc' dir='ltr'><em>ἓξ</em></span> <span class='ocrx_word' id='word_1_188' title='bbox 1557 2175 1646 2227; x_wconf 82' lang='grc' dir='ltr'><em>καὶ</em></span> <span class='ocrx_word' id='word_1_189' title='bbox 1697 2178 1849 2245; x_wconf 76' lang='grc' dir='ltr'><em>τριά-</em></span> 
     </span>
     <span class='ocr_line' id='line_1_25' title="bbox 158 2261 1848 2333; baseline -0.001 -15"><span class='ocrx_word' id='word_1_190' title='bbox 158 2285 340 2318; x_wconf 88' lang='grc' dir='ltr'><em>κοντα.</em></span> <span class='ocrx_word' id='word_1_191' title='bbox 420 2267 563 2333; x_wconf 80' lang='grc'>&lt;36&gt;</span> <span class='ocrx_word' id='word_1_192' title='bbox 611 2262 757 2318; x_wconf 79' lang='grc' dir='ltr'><em>τοῦτ’</em></span> <span class='ocrx_word' id='word_1_193' title='bbox 805 2261 1077 2332; x_wconf 72' lang='grc' dir='ltr'><em>ἀγγελθὲν</em></span> <span class='ocrx_word' id='word_1_194' title='bbox 1125 2273 1237 2325; x_wconf 80' lang='grc' dir='ltr'><em>τοῖς</em></span> <span class='ocrx_word' id='word_1_195' title='bbox 1271 2261 1627 2332; x_wconf 80' lang='grc' dir='ltr'><em>Ἰσραηλίταις</em></span> <span class='ocrx_word' id='word_1_196' title='bbox 1668 2266 1848 2333; x_wconf 88' lang='grc' dir='ltr'><em>λύπην</em></span> 
     </span>
     <span class='ocr_line' id='line_1_26' title="bbox 93 2352 1847 2422; baseline 0 -16"><span class='ocrx_word' id='word_1_197' title='bbox 93 2368 135 2400; x_wconf 82' lang='lat'><em>25</em></span> <span class='ocrx_word' id='word_1_198' title='bbox 159 2374 214 2406; x_wconf 83' lang='grc' dir='ltr'><em>τε</em></span> <span class='ocrx_word' id='word_1_199' title='bbox 256 2354 498 2422; x_wconf 89' lang='grc' dir='ltr'><em>μεγάλην</em></span> <span class='ocrx_word' id='word_1_200' title='bbox 536 2352 625 2405; x_wconf 85' lang='grc' dir='ltr'><em>καὶ</em></span> <span class='ocrx_word' id='word_1_201' title='bbox 667 2354 855 2420; x_wconf 84' lang='grc' dir='ltr'><em>δεινὴν</em></span> <span class='ocrx_word' id='word_1_202' title='bbox 897 2352 1151 2420; x_wconf 86' lang='grc' dir='ltr'><em>ἐποίησεν</em></span> <span class='ocrx_word' id='word_1_203' title='bbox 1192 2352 1465 2420; x_wconf 89' lang='grc' dir='ltr'><em>ἀθυμίαν,</em></span> <span class='ocrx_word' id='word_1_204' title='bbox 1507 2352 1572 2404; x_wconf 83' lang='grc' dir='ltr'><em>οὐ</em></span> <span class='ocrx_word' id='word_1_205' title='bbox 1614 2353 1746 2404; x_wconf 75' lang='grc' dir='ltr'><em>κατὰ</em></span> <span class='ocrx_word' id='word_1_206' title='bbox 1786 2355 1847 2406; x_wconf 87' lang='grc' dir='ltr'><em>τὸ</em></span> 
     </span>
     <span class='ocr_line' id='line_1_27' title="bbox 162 2439 1849 2509; baseline -0.001 -14"><span class='ocrx_word' id='word_1_207' title='bbox 162 2444 367 2495; x_wconf 76' lang='grc' dir='ltr'><em>οἰκεῖον</em></span> <span class='ocrx_word' id='word_1_208' title='bbox 407 2452 517 2494; x_wconf 77' lang='grc' dir='ltr'><em>τῶν</em></span> <span class='ocrx_word' id='word_1_209' title='bbox 558 2441 950 2507; x_wconf 77' lang='grc' dir='ltr'><em>ἀπολωλότων,</em></span> <span class='ocrx_word' id='word_1_210' title='bbox 1001 2444 1095 2492; x_wconf 78' lang='grc' dir='ltr'><em>καί</em></span> <span class='ocrx_word' id='word_1_211' title='bbox 1141 2443 1229 2492; x_wconf 81' lang='grc' dir='ltr'><em>τοί</em></span> <span class='ocrx_word' id='word_1_212' title='bbox 1264 2459 1323 2507; x_wconf 85' lang='grc' dir='ltr'><em>γε</em></span> <span class='ocrx_word' id='word_1_213' title='bbox 1363 2441 1585 2492; x_wconf 72' lang='grc' dir='ltr'><em>πάντων</em></span> <span class='ocrx_word' id='word_1_214' title='bbox 1627 2439 1849 2509; x_wconf 78' lang='grc' dir='ltr'><em>ἀνδρῶν</em></span> 
     </span>
     <span class='ocr_line' id='line_1_28' title="bbox 163 2526 1842 2598; baseline -0.001 -15"><span class='ocrx_word' id='word_1_215' title='bbox 163 2530 391 2598; x_wconf 84' lang='grc' dir='ltr'><em>ἀγαθῶν</em></span> <span class='ocrx_word' id='word_1_216' title='bbox 431 2528 521 2582; x_wconf 83' lang='grc' dir='ltr'><em>καὶ</em></span> <span class='ocrx_word' id='word_1_217' title='bbox 561 2531 802 2596; x_wconf 81' lang='grc' dir='ltr'><em>σπουδῆς</em></span> <span class='ocrx_word' id='word_1_218' title='bbox 841 2528 1007 2591; x_wconf 77' lang='grc' dir='ltr'><em>ἀξίων</em></span> <span class='ocrx_word' id='word_1_219' title='bbox 1049 2526 1502 2596; x_wconf 86' lang='grc' dir='ltr'><em>διεφθαρμένων,</em></span> <span class='ocrx_word' id='word_1_220' title='bbox 1549 2527 1687 2580; x_wconf 79' lang='grc' dir='ltr'><em>ἀλλὰ</em></span> <span class='ocrx_word' id='word_1_221' title='bbox 1726 2526 1842 2581; x_wconf 84' lang='grc' dir='ltr'><em>κατ’</em></span> 
     </span>
     <span class='ocr_line' id='line_1_29' title="bbox 164 2610 1850 2686; baseline -0.002 -15"><span class='ocrx_word' id='word_1_222' title='bbox 164 2610 501 2686; x_wconf 88' lang='grc' dir='ltr'><em>ἀπόγνωσιν·</em></span> <span class='ocrx_word' id='word_1_223' title='bbox 544 2618 686 2685; x_wconf 73' lang='grc'>&lt;37&gt;</span> <span class='ocrx_word' id='word_1_224' title='bbox 720 2617 1069 2677; x_wconf 89' lang='grc' dir='ltr'><em>πιστεύοντες</em></span> <span class='ocrx_word' id='word_1_225' title='bbox 1100 2616 1203 2683; x_wconf 80' lang='grc' dir='ltr'><em>γὰρ</em></span> <span class='ocrx_word' id='word_1_226' title='bbox 1244 2617 1347 2683; x_wconf 77' lang='grc' dir='ltr'><em>ἤδη</em></span> <span class='ocrx_word' id='word_1_227' title='bbox 1389 2623 1482 2682; x_wconf 84' lang='grc' dir='ltr'><em>τῆς</em></span> <span class='ocrx_word' id='word_1_228' title='bbox 1521 2623 1620 2683; x_wconf 84' lang='grc' dir='ltr'><em>γῆς</em></span> <span class='ocrx_word' id='word_1_229' title='bbox 1660 2615 1850 2684; x_wconf 91' lang='grc' dir='ltr'><em>ἐγκρα-</em></span> 
     </span>
     <span class='ocr_line' id='line_1_30' title="bbox 163 2702 1852 2776; baseline -0.001 -18"><span class='ocrx_word' id='word_1_230' title='bbox 163 2716 272 2769; x_wconf 80' lang='grc' dir='ltr'><em>τεῖς</em></span> <span class='ocrx_word' id='word_1_231' title='bbox 310 2702 452 2758; x_wconf 79' lang='grc' dir='ltr'><em>εἶναι</em></span> <span class='ocrx_word' id='word_1_232' title='bbox 490 2703 581 2757; x_wconf 87' lang='grc' dir='ltr'><em>καὶ</em></span> <span class='ocrx_word' id='word_1_233' title='bbox 621 2713 768 2776; x_wconf 74' lang='grc' dir='ltr'><em>σῷον</em></span> <span class='ocrx_word' id='word_1_234' title='bbox 809 2704 948 2768; x_wconf 75' lang='grc' dir='ltr'><em>ἕξειν</em></span> <span class='ocrx_word' id='word_1_235' title='bbox 983 2703 1042 2755; x_wconf 91' lang='grc' dir='ltr'><em>ἐν</em></span> <span class='ocrx_word' id='word_1_236' title='bbox 1073 2711 1189 2765; x_wconf 77' lang='grc' dir='ltr'><em>ταῖς</em></span> <span class='ocrx_word' id='word_1_237' title='bbox 1229 2702 1422 2771; x_wconf 86' lang='grc' dir='ltr'><em>μάχαις</em></span> <span class='ocrx_word' id='word_1_238' title='bbox 1460 2705 1557 2756; x_wconf 86' lang='grc' dir='ltr'><em>τὸν</em></span> <span class='ocrx_word' id='word_1_239' title='bbox 1598 2706 1852 2772; x_wconf 89' lang='grc' dir='ltr'><em>στρατόν,</em></span> 
     </span>
    </p>
   </div>
   <div class='ocr_carea' id='block_1_6' title="bbox 166 2817 1851 2939">
    <p class='ocr_par' dir='ltr' id='par_1_6' title="bbox 166 2817 1851 2939">
     <span class='ocr_line' id='line_1_31' title="bbox 285 2817 1851 2873; baseline -0.001 -9"><span class='ocrx_word' id='word_1_240' title='bbox 285 2826 310 2873; x_wconf 71' lang='grc' dir='ltr'><em>ἓ-</em></span> <span class='ocrx_word' id='word_1_241' title='bbox 343 2826 397 2864; x_wconf 83' lang='grc'><em>33</em></span> <span class='ocrx_word' id='word_1_242' title='bbox 426 2843 480 2856; x_wconf 95' lang='lat'><strong><em>=</em></strong></span> <span class='ocrx_word' id='word_1_243' title='bbox 504 2821 590 2864; x_wconf 84' lang='lat' dir='ltr'>Ios.</span> <span class='ocrx_word' id='word_1_244' title='bbox 624 2820 709 2863; x_wconf 82' lang='lat' dir='ltr'><em>VH</em></span> <span class='ocrx_word' id='word_1_245' title='bbox 744 2826 765 2863; x_wconf 86' lang='lat'>1</span> <span class='ocrx_word' id='word_1_246' title='bbox 928 2824 951 2872; x_wconf 68' lang='grc' dir='ltr'>ξ</span> <span class='ocrx_word' id='word_1_247' title='bbox 986 2824 1041 2862; x_wconf 78' lang='grc'><em>34</em></span> <span class='ocrx_word' id='word_1_248' title='bbox 1074 2840 1127 2855; x_wconf 85' lang='lat'>=</span> <span class='ocrx_word' id='word_1_249' title='bbox 1161 2818 1250 2860; x_wconf 74' lang='lat' dir='ltr'>Ios.</span> <span class='ocrx_word' id='word_1_250' title='bbox 1283 2817 1325 2861; x_wconf 90' lang='lat' dir='ltr'><strong>V</strong></span> <span class='ocrx_word' id='word_1_251' title='bbox 1359 2823 1396 2860; x_wconf 72' lang='lat'><em>9.</em></span> <span class='ocrx_word' id='word_1_252' title='bbox 1543 2823 1566 2870; x_wconf 68' lang='grc' dir='ltr'>ξ</span> <span class='ocrx_word' id='word_1_253' title='bbox 1602 2822 1657 2860; x_wconf 83' lang='grc'><em>35</em></span> <span class='ocrx_word' id='word_1_254' title='bbox 1684 2819 1851 2863; x_wconf 78' lang='lat' dir='ltr'>=10s.</span> 
     </span>
     <span class='ocr_line' id='line_1_32' title="bbox 166 2895 324 2939; baseline 0.006 -1"><span class='ocrx_word' id='word_1_255' title='bbox 166 2895 254 2938; x_wconf 87' lang='lat' dir='ltr'><em>VH</em></span> <span class='ocrx_word' id='word_1_256' title='bbox 286 2899 324 2939; x_wconf 80' lang='lat'><em>2.</em></span> 
     </span>
    </p>
   </div>
   <div class='ocr_carea' id='block_1_7' title="bbox 246 2969 1584 3009">
    <p class='ocr_par' dir='ltr' id='par_1_7' title="bbox 246 2969 1584 3009">
     <span class='ocr_line' id='line_1_33' title="bbox 246 2969 1584 3009; baseline -0.001 -1"><span class='ocrx_word' id='word_1_257' title='bbox 246 2978 459 3009; x_wconf 77' lang='lat' dir='ltr'><strong>IosEPHUs.</strong></span> <span class='ocrx_word' id='word_1_258' title='bbox 496 2977 529 3008; x_wconf 88' lang='grc' dir='ltr'><em>Ι.</em></span> <span class='ocrx_word' id='word_1_259' title='bbox 1531 2969 1584 3007; x_wconf 80' lang='grc'><em>18</em></span> 
     </span>
    </p>
   </div>
   <div class='ocr_carea' id='block_1_8' title="bbox 1876 1485 1928 1524">
    <p class='ocr_par' dir='ltr' id='par_1_8' title="bbox 1876 1485 1928 1524">
     <span class='ocr_line' id='line_1_34' title="bbox 1876 1485 1928 1524; baseline 0 0"><span class='ocrx_word' id='word_1_260' title='bbox 1876 1485 1928 1524; x_wconf 91' lang='grc'><em>11</em></span> 
     </span>
    </p>
   </div>
   <div class='ocr_carea' id='block_1_9' title="bbox 1880 1839 1933 1878">
    <p class='ocr_par' dir='ltr' id='par_1_9' title="bbox 1880 1839 1933 1878">
     <span class='ocr_line' id='line_1_35' title="bbox 1880 1839 1933 1878; baseline 0 0"><span class='ocrx_word' id='word_1_261' title='bbox 1880 1839 1933 1878; x_wconf 83' lang='lat'><em>12</em></span> 
     </span>
    </p>
   </div>
  </div>
 </body>
</html>
