2052 3141
80 1050 122 1082 10

81 1491 122 1524 15

78 1933 121 1964 20

78 2374 121 2406 25

863 100 1136 142 TETAPTH
1732 97 1836 150 261

151 248 312 303 ρησιν
365 232 729 303 περιέχουσαν
788 242 896 285 τῶν
961 231 1274 301 ἐσομένων,
1335 231 1462 286 καθ’
1523 233 1593 301 ἢν
1647 231 1840 301 γέγονε

148 322 325 375 πάντα
370 319 460 374 καὶ
507 325 742 390 γίνεται,
788 317 962 390 μηδὲν
1011 320 1225 374 ἐκείνου
1274 322 1703 391 διημαρτηκότος
1748 329 1842 388 τῆς

150 409 426 478 ἀληθείας.
503 409 684 478 <304>
715 406 864 462 ταῦτ’
897 404 1000 462 οὗν
1033 410 1097 462 τὰ
1130 412 1317 478 βιβλία
1349 411 1696 480 παραδίδωσι
1727 418 1842 470 τοῖς

151 498 355 567 ἱερεῦσι
394 496 484 551 καὶ
515 499 616 567 τὴν
655 501 915 567 κιβωτόν,
956 500 1033 561 εἰς
1070 497 1140 566 ἣν
1179 496 1270 551 καὶ
1310 501 1439 562 τοὺς
1472 498 1602 552 δέκα
1641 501 1841 567 λόγους

150 584 562 656 γεγραμμένους
589 585 648 639 ἐν
675 585 806 639 δυσὶ
842 585 1003 650 πλαξὶ
1028 585 1310 655 κατέθετο,
1350 587 1440 640 καὶ
1480 590 1580 656 τὴν
1614 589 1838 655 σκηνήν.

147 682 221 747 τῷ
255 694 312 728 τε
345 679 457 746 λαῷ
492 673 765 745 παρῄνεσε
797 678 1125 745 κρατήσαντι
1158 683 1252 744 τῆς
1284 683 1381 744 γῆς
1420 675 1511 728 καὶ
1552 673 1840 745 ἱδρυθέντι

147 765 220 832 μὴ
261 766 445 832 λήθην
478 767 668 832 λαβεῖν
700 773 793 833 τῆς
827 763 1202 833 Ἀμαληκιτῶν
1234 764 1462 835 ὕβρεως,
1503 765 1641 818 ἀλλὰ
1682 779 1840 834 στρα-

147 853 443 914 τεύσαντας
484 850 565 904 ἐπ’
612 854 814 915 αὐτοὺς
852 856 1120 923 τιμωρίαν
1160 852 1461 922 ἀπολαβεῖν
1502 849 1579 907 ὧν
1621 851 1707 906 ἐπὶ
1746 861 1841 922 τῆς

147 938 353 1009 ἐρήμου
392 940 765 1010 τυγχάνοντας
798 940 1062 1010 ἐποίησαν
1094 951 1290 1003 κακῶς·
1344 942 1526 1010 <3Οό>
1560 940 1842 1005 ἐξελόντας

147 1024 209 1080 δὲ
247 1029 348 1096 τὴν
389 1031 720 1081 Χαναναίων
761 1038 884 1098 γῆν,
924 1028 1013 1082 καὶ
1046 1036 1228 1082 πᾶσαν
1269 1031 1701 1100 διαφθείραντας
1740 1031 1841 1097 τὴν

148 1115 208 1169 ἐν
241 1117 376 1186 αὐτῇ
409 1120 634 1186 πληθὺν
667 1118 815 1170 καθὰ
840 1117 1051 1187 πρέπει,
1091 1120 1188 1171 τὸν
1230 1121 1419 1186 βωμόν
1452 1117 1496 1170 τ’
1538 1118 1842 1186 ἀναστῆσαι

146 1206 282 1274 πρὸς
320 1206 481 1273 ἥλιον
515 1205 815 1276 ἀνίσχοντα
847 1205 1240 1276 τετραμμένον,
1282 1207 1348 1260 οὐ
1387 1210 1574 1277 πόρρω
1616 1216 1709 1276 τῆς
1741 1211 1841 1258 Σι-

146 1296 322 1361 κίμων
362 1296 572 1356 πόλεως
612 1294 810 1363 μεταξὺ
854 1297 1014 1348 δυοῖν
1048 1296 1225 1365 ὀροῖν,
1266 1298 1561 1365 Γαριζαίου
1601 1293 1702 1364 μὲν
1742 1304 1841 1348 τοῦ

148 1380 206 1433 ἐκ
254 1380 450 1444 δεξιῶν
498 1380 783 1451 κειμένου,
838 1391 936 1436 τοῦ
979 1378 1027 1435 δ’
1076 1382 1135 1436 ἐκ
1175 1388 1346 1436 λαιῶν
1389 1386 1440 1435 Γ
1437 1384 1632 1452 ιβάλου
1671 1399 1841 1453 προσ-

147 1468 589 1539 αγορευομένου,
645 1477 1005 1540 μερισθεῖσαν
1058 1469 1117 1524 δὲ
1158 1473 1257 1540 τὴν
1311 1474 1570 1541 στρατιὰν
1610 1470 1737 1524 καθ’
1785 1472 1839 1535 ἓξ

146 1560 326 1627 φυλὰς
363 1557 450 1612 ἐπὶ
482 1569 601 1613 τοῖν
637 1561 800 1613 δυοῖν
833 1560 991 1629 ὀροῖν
1024 1559 1345 1628 ἀναστῆναι,
1385 1559 1476 1613 καὶ
1509 1564 1614 1612 σὺν
1655 1560 1842 1622 αὐτοῖς

145 1650 382 1710 Λευίτας
432 1668 487 1700 τε
535 1646 625 1700 καὶ
665 1651 793 1711 τοὺς
834 1647 1022 1717 ἱερέας.
1100 1649 1282 1716 <306>
1320 1646 1411 1701 καὶ
1450 1650 1700 1718 πρώτους
1739 1646 1840 1718 μὲν

146 1737 275 1797 τοὺς
308 1733 395 1787 ἐπὶ
428 1742 500 1806 τῷ
536 1738 588 1787 Γ
584 1734 761 1805 αριζὶν
802 1735 1134 1805 γενομένους
1174 1737 1435 1806 εὔχεσθαι
1475 1739 1539 1789 τὰ
1579 1738 1841 1790 κάλλιστα

146 1832 259 1886 τοῖς
290 1822 415 1893 περὶ
447 1825 547 1892 τὴν
579 1827 886 1893 θρησκείαν
918 1833 1018 1878 τοῦ
1049 1831 1189 1877 θεοῦ
1230 1823 1319 1877 καὶ
1360 1826 1460 1893 τὴν
1501 1834 1610 1878 τῶν
1650 1829 1840 1895 νόμων

145 1913 400 1981 φυλακὴν
450 1914 832 1966 σπουδάσασιν
881 1908 957 1966 ὧν
1006 1933 1061 1965 τε
1101 1916 1349 1982 [Μωυσῆς
1400 1910 1515 1966 εἷπε
1556 1915 1627 1982 μὴ
1668 1932 1840 1985 παρα-

145 1998 560 2070 κροασαμένοις,
601 2002 870 2071 εὐφημεῖν
905 1999 964 2054 δὲ
997 2003 1091 2064 τὰς
1124 2000 1326 2071 ἑτέρας,
1366 2000 1455 2054 καὶ
1494 2003 1708 2056 τούτων
1739 2005 1839 2056 πά-

145 2092 234 2141 λιν
274 2087 590 2158 εὐχομένων
631 2092 725 2153 τὰς
755 2089 1103 2160 προηγμένας
1136 2090 1402 2143 ἐπαινεῖν·
1443 2091 1625 2159 <307>
1657 2093 1838 2145 ἔπειτα

144 2176 280 2228 κατὰ
339 2176 508 2228 ταύτὰ
561 2186 675 2240 τοῖς
735 2176 1211 2247 παραβησομένοις
1272 2179 1507 2247 κατάρας
1560 2183 1839 2250 τίθεσθαι,

143 2263 549 2332 ὑποφωνούσας
581 2265 840 2334 ἀλλήλαις
866 2265 952 2319 ἐπὶ
984 2274 1048 2335 τῇ
1082 2268 1317 2335 κυρώσει
1356 2276 1466 2319 τῶν
1506 2267 1836 2337 λεγομένων.

146 2350 421 2421 ἀνέγραψε
462 2350 523 2405 δὲ
563 2355 656 2416 τὰς
695 2354 950 2422 εὐλογίας
989 2354 1078 2407 καὶ
1118 2357 1213 2417 τὰς
1251 2356 1488 2426 κατάρας
1528 2357 1714 2426 αὐτός,
1766 2358 1839 2421 ὡς

145 2438 415 2508 μηδέποτε
463 2441 704 2495 ἐκλιπεῖν
754 2444 855 2511 τὴν
907 2443 1154 2511 μάθησιν
1205 2444 1386 2496 αὐτῶν
1426 2444 1533 2497 ὑπὸ
1574 2453 1672 2498 τοῦ
1711 2449 1836 2515 χρό-

144 2545 269 2581 νου·
333 2530 514 2597 <308>
563 2529 626 2592 ἃς
674 2531 742 2598 δὴ
790 2529 880 2582 καὶ
928 2538 1000 2602 τῷ
1051 2535 1217 2603 βωμῷ
1259 2536 1528 2584 τελευτῶν
1569 2531 1835 2604 ἐνέγραψε

144 2618 278 2669 κατὰ
316 2618 562 2687 πλευρὰν
611 2616 894 2687 ἑκατέραν,
946 2613 975 2688 ἧ
1010 2618 1100 2671 καὶ
1149 2619 1350 2672 στάντα
1389 2619 1525 2690 φησὶ
1564 2623 1660 2674 τὸν
1699 2625 1836 2676 λαὸν

144 2708 322 2758 θῦσαί
356 2725 410 2758 τε
453 2704 541 2758 καὶ
583 2706 983 2776 ὁλοκαυτῶσαι,
1023 2706 1113 2760 καὶ
1153 2707 1265 2776 μετ’
1314 2707 1529 2778 ἐκείνην
1568 2711 1668 2778 τὴν
1708 2711 1835 2780 ἡμέ-

265 2825 288 2874 ξ
321 2826 408 2865 304
434 2843 490 2857 =
514 2821 701 2866 Deuber.
733 2823 882 2865 XXXI
915 2830 983 2867 26.
1108 2829 1130 2877 ξ
1168 2829 1251 2868 305
1280 2847 1331 2861 =
1359 2824 1546 2869 Denter.
1580 2825 1753 2870 XXVII
1784 2832 1832 2881 43

145 2892 201 2936 cf.
233 2893 319 2938 Ios,
353 2893 460 2937 VIH
492 2899 559 2938 31.
683 2900 706 2949 ξ
741 2901 827 2940 306
854 2918 909 2933 =
933 2897 1019 2940 Ios.
1054 2897 1161 2941 VIII
1193 2903 1261 2942 33.
