2052 3141
262 63 370 116 320
872 64 1323 105 ΑΡΧΑΙοΛοΓΙΑΣ

264 200 442 265 <282>
497 208 594 252 τοῦ
651 196 709 250 δὲ
765 195 901 266 μηδὲ
962 206 1132 250 τινῶν
1186 197 1330 268 αὐτῷ
1391 198 1612 249 δεῖσθαι
1666 200 1946 266 φήσαντος

265 286 285 340 (
290 284 420 340 οὐδὲ
452 289 555 354 γὰρ
588 287 721 338 κατὰ
752 290 940 356 χρείαν
979 294 1146 338 ταῦτα
1185 285 1650 352 εὐαγγελίσασθαι
1688 283 1813 354 περὶ
1850 293 1946 353 τῆς

263 384 360 427 τοῦ
399 376 595 436 παιδὸς
640 372 858 444 γονῆς),
904 383 1003 426 τοῦ
1051 370 1111 425 δὲ
1151 382 1331 442 μεῖναι
1371 379 1818 443 παρακαλοῦντος
1855 372 1946 425 καὶ

263 464 458 526 ξενίων
510 471 824 532 μετασχεῖν,
880 463 980 514 οὐκ
1029 460 1304 514 ἐπένευσε·
1370 462 1552 529 <283>
1602 460 1850 524 πεισθεὶς
1889 458 1938 513 δ’

263 551 408 619 ὅμως
463 555 825 618 λιπαροῦντος
883 549 1155 617 ἐπιμεῖναι
1207 550 1278 611 ὡς
1333 549 1401 601 ἂν
1457 548 1638 612 ξένιον
1694 549 1839 620 αὐτῷ
1895 570 1945 601 τι

262 642 480 709 κομίσῃ,
519 637 609 690 καὶ
639 639 918 700 θύσαντος
950 640 1143 705 ἔριφον
1176 645 1273 690 τοῦ
1305 639 1588 707 ἰἉανώχου
1621 636 1710 689 καὶ
1749 646 1946 691 τοῦτον

264 727 436 780 ὀπτᾶν
466 734 529 795 τῇ
564 724 782 793 γυναικὶ
822 726 1198 793 κελεύσαντος,
1238 723 1353 776 ἐπεὶ
1392 723 1548 777 πάντ’
1587 722 1656 793 ἦν
1696 726 1947 795 εὐτρεπῆ,

262 815 592 885 προσέταξεν
633 813 718 866 ἐπὶ
759 822 850 880 τῆς
896 812 1092 882 πέτρας
1138 812 1451 866 ἀποθέσθαι
1491 815 1618 875 τούς
1657 812 1700 866 τ’
1748 815 1948 883 ἄρτους

263 902 354 956 καὶ
393 905 457 956 τὰ
497 902 626 972 κρέα
666 901 830 972 χωρὶς
862 911 970 954 τῶν
1011 901 1259 969 ἀγγείων.
1339 903 1518 968 <284>
1559 900 1648 954 καὶ
1687 902 1947 971 ποιησάν-

264 1012 393 1060 των,
433 993 653 1045 ἅπτεται
691 998 755 1059 τῇ
791 990 978 1062 ῥάβδῳ
1012 985 1044 1060 ᾗ
1079 986 1187 1059 εἶχε
1227 999 1335 1042 τῶν
1375 1000 1569 1059 κρεῶν,
1610 992 1673 1042 τὰ
1714 987 1774 1042 δὲ
1814 991 1946 1059 λάμ-

263 1090 470 1144 ψαντος
507 1082 679 1148 πυρὸς
717 1081 826 1147 ἅμα
865 1088 979 1140 τοῖς
1018 1080 1201 1147 ἄρτοις
1241 1078 1475 1146 ἐκαίετο,
1522 1077 1609 1130 καὶ
1652 1079 1679 1132 ὁ
1721 1080 1948 1145 ἄγγελος

266 1171 357 1221 διὰ
405 1178 503 1222 τοῦ
554 1177 766 1221 καπνοῦ
821 1168 1001 1233 ὥσπερ
1051 1167 1317 1235 ὀχήματος
1363 1166 1536 1218 ἀνιὼν
1583 1168 1661 1228 εἰς
1706 1167 1947 1234 οὐρανὸν

265 1258 451 1319 αὐτοῖς
500 1259 736 1325 φανερὸς
786 1253 869 1323 ἦν.
946 1256 1231 1323 ΑΜανώχην
1280 1252 1338 1306 δὲ
1386 1255 1738 1323 φοβούμενον
1785 1256 1856 1322 μή
1897 1275 1946 1306 τι

266 1347 542 1414 σφαλερὸν
597 1345 783 1405 αὐτοῖς
831 1343 887 1395 ἐκ
939 1352 1033 1410 τῆς
1083 1345 1259 1405 ὄψεως
1307 1352 1404 1396 τοῦ
1450 1348 1591 1395 θεοῦ
1643 1345 1947 1410 γενήσοιτο,

263 1439 497 1500 θαρρεῖν
537 1432 567 1499 ἡ
610 1433 749 1498 γυνὴ
782 1431 1192 1498 παρεκελεύετο·
1228 1429 1315 1481 ἐπὶ
1355 1431 1456 1498 γὰρ
1498 1429 1834 1499 συμφέροντι
1874 1438 1946 1501 τῷ

265 1522 447 1573 αὐτῶν
488 1522 583 1573 τὸν
621 1522 760 1571 θεὸν
799 1519 984 1580 αὐτοῖς
1022 1519 1310 1586 ὁραθῆναι.

380 1610 559 1675 <285>
609 1607 698 1660 καὶ
753 1609 870 1659 κύει
923 1604 966 1658 τ’
1020 1606 1195 1674 ἐκείνη
1244 1605 1331 1658 καὶ
1383 1608 1636 1674 φυλακὴν
1683 1604 1790 1676 εἶχε
1839 1617 1948 1659 τῶν

265 1697 532 1760 ἐντολῶν,
579 1694 667 1747 καὶ
708 1699 1008 1763 γενόμενον
1056 1697 1114 1747 τὸ
1162 1696 1385 1747 παιὸίον
1426 1699 1712 1762 Σαμψῶνα
1752 1699 1947 1748 καλοῦ-

267 1800 376 1837 σιν·
436 1787 663 1853 ι’σχυρὸν
721 1782 767 1835 ‹3’
823 1783 1182 1850 ἀποσημαίνει
1235 1783 1491 1851 τοῦνομα.
1573 1784 1761 1850 ηὔξετο
1813 1782 1861 1836 ὁ’
1917 1784 1946 1837 ὁ

264 1884 389 1936 παῖς
422 1874 642 1943 ῥςιὸίως,
683 1871 772 1924 καὶ
805 1874 969 1939 ὁῆλος
1004 1869 1069 1939 ἧν
1110 1872 1506 1939 προφητεύσων
1547 1871 1651 1924 ἀπὸ
1694 1881 1786 1939 τῆς
1824 1870 1945 1938 περὶ

266 1965 364 2030 τὴν
407 1964 620 2014 δίαιταν
654 1962 1017 2028 σωφροσύνης
1056 1958 1143 2011 καὶ
1178 1968 1268 2027 τῆς
1308 1969 1416 2012 τῶν
1459 1970 1658 2028 τριχῶν
1697 1958 1945 2022 ἀνέσεως.

208 2064 231 2099 5
268 2052 447 2117 <286>
479 2050 808 2117 ἀφικόμενος
842 2046 899 2100 ὁὲ
943 2049 1071 2116 μετὰ
1114 2057 1221 2099 τῶν
1263 2047 1471 2114 γονέων
1511 2050 1587 2109 εἰς
1621 2049 1812 2115 Θαμνὰ
1851 2051 1946 2100 πό-

268 2144 356 2191 λιν
389 2148 497 2190 τῶν
529 2141 928 2197 ΙΙαλαιστινῶν,
968 2136 1324 2202 πανηγύρεως
1357 2133 1644 2201 ἀγομένης,
1685 2135 1781 2205 ε’ρᾷ
1812 2155 1946 2203 παρ-

265 2226 439 2280 θένου
481 2236 588 2278 τῶν
629 2225 959 2293 ἐπιχωρίων,
1010 2228 1311 2289 παρακαλεῖ
1348 2243 1398 2274 τε
1443 2226 1569 2285 τοὺς
1609 2233 1786 2290 γονεῖς
1825 2225 1946 2290 ἄγε-

267 2321 399 2366 σθαι
439 2316 573 2381 πρὸς
614 2313 790 2380 γάμον
829 2312 974 2382 αὐτῷ
1028 2313 1125 2378 τὴν
1167 2314 1351 2378 κόρην.
1431 2320 1539 2362 τῶν
1582 2308 1633 2361 ὸ’
1680 2310 1946 2378 ἀρνουμέ-
1972 2326 1989 2356 2

266 2423 380 2454 νων
432 2403 522 2453 (διὰ
575 2404 632 2453 τὸ
684 2402 755 2468 μὴ
809 2401 1095 2468 ὁμόφυλον
1143 2396 1310 2461 εἶναι,
1367 2407 1462 2451 τοῦ
1513 2404 1653 2450 θεοῦ
1703 2400 1835 2450 κατὰ
1887 2401 1946 2451 τὸ

259 2489 534 2557 “Εβραιόις
589 2488 871 2557 συμφέρον
929 2488 1282 2549 ἐπινοοῦντος
1336 2490 1431 2539 τὸν
1488 2487 1697 2554 γάμον,
1759 2486 1947 2557 ἐκνικᾷ

268 2580 712 2646 μνηστεύσασθαι
756 2579 851 2644 τὴν
892 2575 1190 2643 παρθένον.
1271 2577 1446 2641 χῑῖὃῖὃ
1482 2585 1720 2643 συνεχῶς
1760 2571 1808 2626 δ’
1848 2573 1945 2624 ἀπ-

268 2670 563 2735 ερχόμενος
611 2668 744 2733 πρὸς
792 2667 918 2726 τοὺς
968 2674 1145 2731 γονεῖς
1185 2664 1350 2730 αὐτῆς
1391 2663 1706 2731 ἐντυγχάνει
1749 2660 1945 2718 λέοντι,

1973 1003 2015 1033 10

1974 1443 2014 1474 15

1970 1884 2014 1914 ΞΟ

269 2753 352 2805 καὶ
409 2757 613 2821 γυμνὸς
664 2755 739 2805 ὢν
793 2753 1146 2820 ἐκδεξάμενος
1197 2752 1366 2804 αὐτὸν
1416 2753 1562 2819 ἄγχει
1615 2759 1729 2811 ταῖς
1775 2752 2013 2817 χερσιζδι)

387 2862 409 2904 ξ
444 2861 525 2895 282
556 2877 605 2889 2
638 2853 775 2895 ludic.
811 2853 912 2894 xlv
951 2859 1015 2895 16.
