<?xml version="1.0" encoding="UTF-8"?>
<!DOCTYPE html PUBLIC "-//W3C//DTD XHTML 1.0 Transitional//EN"
    "http://www.w3.org/TR/xhtml1/DTD/xhtml1-transitional.dtd">
<html xmlns="http://www.w3.org/1999/xhtml" xml:lang="en" lang="en">
 <head>
  <title>
</title>
<meta http-equiv="Content-Type" content="text/html;charset=utf-8" />
  <meta name='ocr-system' content='tesseract 3.04.00' />
  <meta name='ocr-capabilities' content='ocr_page ocr_carea ocr_par ocr_line ocrx_word'/>
</head>
<body>
  <div class='ocr_page' id='page_1' title='image "./flaviiiosephiope01joseuoft_0205.png"; bbox 0 0 2052 3141; ppageno 0'>
   <div class='ocr_carea' id='block_1_1' title="bbox 846 41 1782 94">
    <p class='ocr_par' dir='ltr' id='par_1_1' title="bbox 846 41 1782 94">
     <span class='ocr_line' id='line_1_1' title="bbox 846 41 1782 94; baseline 0.007 -8"><span class='ocrx_word' id='word_1_1' title='bbox 846 47 1028 87; x_wconf 86' lang='lat' dir='ltr'>TPITH</span> <span class='ocrx_word' id='word_1_2' title='bbox 1678 41 1782 94; x_wconf 85' lang='lat'><em>173</em></span> 
     </span>
    </p>
   </div>
   <div class='ocr_carea' id='block_1_2' title="bbox 34 176 1804 2721">
    <p class='ocr_par' dir='ltr' id='par_1_2' title="bbox 34 176 1804 2721">
     <span class='ocr_line' id='line_1_2' title="bbox 95 176 1783 249; baseline -0.002 -17"><span class='ocrx_word' id='word_1_3' title='bbox 95 180 434 249; x_wconf 78' lang='grc' dir='ltr'><em>ἀπομίμησιν</em></span> <span class='ocrx_word' id='word_1_4' title='bbox 465 177 556 232; x_wconf 86' lang='grc' dir='ltr'><em>καὶ</em></span> <span class='ocrx_word' id='word_1_5' title='bbox 589 180 927 232; x_wconf 78' lang='grc' dir='ltr'><em>διατύπωσιν</em></span> <span class='ocrx_word' id='word_1_6' title='bbox 964 188 1074 231; x_wconf 83' lang='grc' dir='ltr'><em>τῶν</em></span> <span class='ocrx_word' id='word_1_7' title='bbox 1108 179 1271 246; x_wconf 82' lang='grc' dir='ltr'><em>ὅλων,</em></span> <span class='ocrx_word' id='word_1_8' title='bbox 1312 183 1368 230; x_wconf 81' lang='grc' dir='ltr'><em>εἴ</em></span> <span class='ocrx_word' id='word_1_9' title='bbox 1399 198 1479 240; x_wconf 89' lang='grc' dir='ltr'><em>τις</em></span> <span class='ocrx_word' id='word_1_10' title='bbox 1518 176 1783 246; x_wconf 78' lang='grc' dir='ltr'><em>ἀφθόνως</em></span> 
     </span>
     <span class='ocr_line' id='line_1_3' title="bbox 96 266 1782 336; baseline -0.003 -15"><span class='ocrx_word' id='word_1_11' title='bbox 96 267 281 321; x_wconf 81' lang='grc' dir='ltr'><em>ἐθέλοι</em></span> <span class='ocrx_word' id='word_1_12' title='bbox 326 266 417 320; x_wconf 87' lang='grc' dir='ltr'><em>καὶ</em></span> <span class='ocrx_word' id='word_1_13' title='bbox 464 269 597 336; x_wconf 82' lang='grc' dir='ltr'><em>μετὰ</em></span> <span class='ocrx_word' id='word_1_14' title='bbox 637 266 908 330; x_wconf 84' lang='grc' dir='ltr'><em>συνέσεως</em></span> <span class='ocrx_word' id='word_1_15' title='bbox 947 276 1203 334; x_wconf 91' lang='grc' dir='ltr'><em>σκοπεῖν,</em></span> <span class='ocrx_word' id='word_1_16' title='bbox 1243 266 1463 336; x_wconf 85' lang='grc' dir='ltr'><em>εὑρήσει</em></span> <span class='ocrx_word' id='word_1_17' title='bbox 1502 267 1782 333; x_wconf 73' lang='grc' dir='ltr'><em>γεγονότα.</em></span> 
     </span>
     <span class='ocr_line' id='line_1_4' title="bbox 97 349 1785 426; baseline -0.002 -18"><span class='ocrx_word' id='word_1_18' title='bbox 97 357 277 424; x_wconf 85' lang='grc'>&lt;181&gt;</span> <span class='ocrx_word' id='word_1_19' title='bbox 317 357 418 424; x_wconf 86' lang='grc' dir='ltr'><em>τήν</em></span> <span class='ocrx_word' id='word_1_20' title='bbox 464 375 520 408; x_wconf 92' lang='grc' dir='ltr'><em>τε</em></span> <span class='ocrx_word' id='word_1_21' title='bbox 567 357 671 425; x_wconf 79' lang='grc' dir='ltr'><em>γὰρ</em></span> <span class='ocrx_word' id='word_1_22' title='bbox 722 358 957 426; x_wconf 86' lang='grc' dir='ltr'><em>σκηνήν,</em></span> <span class='ocrx_word' id='word_1_23' title='bbox 1003 355 1295 424; x_wconf 88' lang='grc' dir='ltr'><em>τριάκοντα</em></span> <span class='ocrx_word' id='word_1_24' title='bbox 1333 358 1551 424; x_wconf 82' lang='grc' dir='ltr'><em>πήχεων</em></span> <span class='ocrx_word' id='word_1_25' title='bbox 1592 349 1785 421; x_wconf 81' lang='grc' dir='ltr'><em>οὖσαν,</em></span> 
     </span>
     <span class='ocr_line' id='line_1_5' title="bbox 97 441 1787 514; baseline -0.001 -18"><span class='ocrx_word' id='word_1_26' title='bbox 97 448 287 512; x_wconf 78' lang='grc' dir='ltr'><em>νείμας</em></span> <span class='ocrx_word' id='word_1_27' title='bbox 326 445 404 506; x_wconf 84' lang='grc' dir='ltr'><em>εἰς</em></span> <span class='ocrx_word' id='word_1_28' title='bbox 441 447 584 514; x_wconf 91' lang='grc' dir='ltr'><em>τρία,</em></span> <span class='ocrx_word' id='word_1_29' title='bbox 623 441 713 496; x_wconf 85' lang='grc' dir='ltr'><em>καὶ</em></span> <span class='ocrx_word' id='word_1_30' title='bbox 754 445 856 497; x_wconf 82' lang='grc' dir='ltr'><em>δύο</em></span> <span class='ocrx_word' id='word_1_31' title='bbox 890 442 1024 513; x_wconf 85' lang='grc' dir='ltr'><em>μέρη</em></span> <span class='ocrx_word' id='word_1_32' title='bbox 1065 451 1232 496; x_wconf 85' lang='grc' dir='ltr'><em>πᾶσιν</em></span> <span class='ocrx_word' id='word_1_33' title='bbox 1273 442 1422 505; x_wconf 79' lang='grc' dir='ltr'><em>ἀνεὶς</em></span> <span class='ocrx_word' id='word_1_34' title='bbox 1459 451 1573 505; x_wconf 90' lang='grc' dir='ltr'><em>τοῖς</em></span> <span class='ocrx_word' id='word_1_35' title='bbox 1613 443 1787 511; x_wconf 77' lang='grc' dir='ltr'><em>ἱερεῦ-</em></span> 
     </span>
     <span class='ocr_line' id='line_1_6' title="bbox 52 531 1786 601; baseline 0 -19"><span class='ocrx_word' id='word_1_36' title='bbox 52 546 187 584; x_wconf 79' lang='grc' dir='ltr'><em>5σιν</em></span> <span class='ocrx_word' id='word_1_37' title='bbox 236 533 417 600; x_wconf 84' lang='grc' dir='ltr'><em>ὥσπερ</em></span> <span class='ocrx_word' id='word_1_38' title='bbox 465 531 704 601; x_wconf 89' lang='grc' dir='ltr'><em>βέβηλόν</em></span> <span class='ocrx_word' id='word_1_39' title='bbox 750 552 874 584; x_wconf 89' lang='grc' dir='ltr'><em>τινα</em></span> <span class='ocrx_word' id='word_1_40' title='bbox 920 531 1010 584; x_wconf 88' lang='grc' dir='ltr'><em>καὶ</em></span> <span class='ocrx_word' id='word_1_41' title='bbox 1056 534 1248 585; x_wconf 89' lang='grc' dir='ltr'><em>κοινὸν</em></span> <span class='ocrx_word' id='word_1_42' title='bbox 1295 534 1497 600; x_wconf 83' lang='grc' dir='ltr'><em>τόπον,</em></span> <span class='ocrx_word' id='word_1_43' title='bbox 1541 532 1642 599; x_wconf 85' lang='grc' dir='ltr'><em>τὴν</em></span> <span class='ocrx_word' id='word_1_44' title='bbox 1682 537 1786 598; x_wconf 80' lang='grc' dir='ltr'><em>γῆν</em></span> 
     </span>
     <span class='ocr_line' id='line_1_7' title="bbox 96 619 1787 690; baseline -0.001 -18"><span class='ocrx_word' id='word_1_45' title='bbox 96 619 187 672; x_wconf 84' lang='grc' dir='ltr'><em>καὶ</em></span> <span class='ocrx_word' id='word_1_46' title='bbox 225 623 325 690; x_wconf 86' lang='grc' dir='ltr'><em>τὴν</em></span> <span class='ocrx_word' id='word_1_47' title='bbox 363 621 644 673; x_wconf 90' lang='grc' dir='ltr'><em>θάλατταν</em></span> <span class='ocrx_word' id='word_1_48' title='bbox 692 620 1077 689; x_wconf 80' lang='grc' dir='ltr'><em>ἀποσημαίνει·</em></span> <span class='ocrx_word' id='word_1_49' title='bbox 1130 619 1221 673; x_wconf 85' lang='grc' dir='ltr'><em>καὶ</em></span> <span class='ocrx_word' id='word_1_50' title='bbox 1267 621 1371 689; x_wconf 81' lang='grc' dir='ltr'><em>γὰρ</em></span> <span class='ocrx_word' id='word_1_51' title='bbox 1413 628 1582 672; x_wconf 88' lang='grc' dir='ltr'><em>ταῦτα</em></span> <span class='ocrx_word' id='word_1_52' title='bbox 1620 621 1787 671; x_wconf 84' lang='grc' dir='ltr'><em>πᾶσίν</em></span> 
     </span>
     <span class='ocr_line' id='line_1_8' title="bbox 97 706 1788 781; baseline -0.002 -20"><span class='ocrx_word' id='word_1_53' title='bbox 97 708 246 762; x_wconf 83' lang='grc' dir='ltr'><em>ἐστιν</em></span> <span class='ocrx_word' id='word_1_54' title='bbox 287 708 534 777; x_wconf 76' lang='grc' dir='ltr'><em>ἐπιβατά·</em></span> <span class='ocrx_word' id='word_1_55' title='bbox 575 711 675 777; x_wconf 88' lang='grc' dir='ltr'><em>τὴν</em></span> <span class='ocrx_word' id='word_1_56' title='bbox 710 706 769 762; x_wconf 77' lang='grc' dir='ltr'><em>δὲ</em></span> <span class='ocrx_word' id='word_1_57' title='bbox 801 712 989 778; x_wconf 92' lang='grc' dir='ltr'><em>τρίτην</em></span> <span class='ocrx_word' id='word_1_58' title='bbox 1030 719 1229 778; x_wconf 91' lang='grc' dir='ltr'><em>μοῖραν</em></span> <span class='ocrx_word' id='word_1_59' title='bbox 1269 711 1419 781; x_wconf 80' lang='grc' dir='ltr'><em>μόνῳ</em></span> <span class='ocrx_word' id='word_1_60' title='bbox 1459 706 1788 777; x_wconf 74' lang='grc' dir='ltr'><em>περιέγραψε</em></span> 
     </span>
     <span class='ocr_line' id='line_1_9' title="bbox 96 792 1789 869; baseline -0.001 -20"><span class='ocrx_word' id='word_1_61' title='bbox 96 805 170 869; x_wconf 75' lang='grc' dir='ltr'><em>τῷ</em></span> <span class='ocrx_word' id='word_1_62' title='bbox 211 803 327 868; x_wconf 74' lang='grc' dir='ltr'><em>θεῷ</em></span> <span class='ocrx_word' id='word_1_63' title='bbox 371 798 462 849; x_wconf 77' lang='grc' dir='ltr'><em>διὰ</em></span> <span class='ocrx_word' id='word_1_64' title='bbox 500 799 561 850; x_wconf 89' lang='grc' dir='ltr'><em>τὸ</em></span> <span class='ocrx_word' id='word_1_65' title='bbox 601 796 692 849; x_wconf 83' lang='grc' dir='ltr'><em>καὶ</em></span> <span class='ocrx_word' id='word_1_66' title='bbox 731 799 828 850; x_wconf 92' lang='grc' dir='ltr'><em>τὸν</em></span> <span class='ocrx_word' id='word_1_67' title='bbox 861 797 1101 866; x_wconf 85' lang='grc' dir='ltr'><em>οὐρανὸν</em></span> <span class='ocrx_word' id='word_1_68' title='bbox 1142 796 1471 865; x_wconf 80' lang='grc' dir='ltr'><em>ἀνεπίβατον</em></span> <span class='ocrx_word' id='word_1_69' title='bbox 1511 792 1654 849; x_wconf 80' lang='grc' dir='ltr'><em>εἶναι</em></span> <span class='ocrx_word' id='word_1_70' title='bbox 1695 794 1789 847; x_wconf 87' lang='grc' dir='ltr'><em>ἀν-</em></span> 
     </span>
     <span class='ocr_line' id='line_1_10' title="bbox 95 881 1791 955; baseline -0.002 -17"><span class='ocrx_word' id='word_1_71' title='bbox 95 886 358 955; x_wconf 84' lang='grc' dir='ltr'><em>θρώποις.</em></span> <span class='ocrx_word' id='word_1_72' title='bbox 438 886 618 953; x_wconf 79' lang='lat'>&lt;182&gt;</span> <span class='ocrx_word' id='word_1_73' title='bbox 653 884 746 938; x_wconf 85' lang='grc' dir='ltr'><em>ε’πί</em></span> <span class='ocrx_word' id='word_1_74' title='bbox 779 905 834 938; x_wconf 90' lang='grc' dir='ltr'><em>τε</em></span> <span class='ocrx_word' id='word_1_75' title='bbox 875 893 937 954; x_wconf 76' lang='grc' dir='ltr'><em>τῇ</em></span> <span class='ocrx_word' id='word_1_76' title='bbox 978 884 1208 955; x_wconf 81' lang='grc' dir='ltr'><em>τραπέζῃ</em></span> <span class='ocrx_word' id='word_1_77' title='bbox 1250 888 1377 947; x_wconf 89' lang='grc' dir='ltr'><em>τοὺς</em></span> <span class='ocrx_word' id='word_1_78' title='bbox 1418 886 1629 938; x_wconf 85' lang='grc' dir='ltr'><em>δώδεκα</em></span> <span class='ocrx_word' id='word_1_79' title='bbox 1668 881 1791 945; x_wconf 86' lang='grc' dir='ltr'><em>θεὶς</em></span> 
     </span>
     <span class='ocr_line' id='line_1_11' title="bbox 34 972 1790 1044; baseline -0.002 -18"><span class='ocrx_word' id='word_1_80' title='bbox 34 990 75 1021; x_wconf 85' lang='lat'><em>10</em></span> <span class='ocrx_word' id='word_1_81' title='bbox 100 975 300 1044; x_wconf 78' lang='grc' dir='ltr'><em>ἄρτους</em></span> <span class='ocrx_word' id='word_1_82' title='bbox 353 973 716 1042; x_wconf 87' lang='grc' dir='ltr'><em>ἀποσημαίνει</em></span> <span class='ocrx_word' id='word_1_83' title='bbox 776 975 874 1026; x_wconf 88' lang='grc' dir='ltr'><em>τὸν</em></span> <span class='ocrx_word' id='word_1_84' title='bbox 938 972 1194 1026; x_wconf 82' lang='grc' dir='ltr'><em>ἐνιαυτὸν</em></span> <span class='ocrx_word' id='word_1_85' title='bbox 1256 974 1555 1036; x_wconf 77' lang='grc' dir='ltr'><em>τοσούτους</em></span> <span class='ocrx_word' id='word_1_86' title='bbox 1617 980 1790 1041; x_wconf 83' lang='grc' dir='ltr'><em>μῆνας</em></span> 
     </span>
     <span class='ocr_line' id='line_1_12' title="bbox 100 1059 1790 1132; baseline -0.001 -17"><span class='ocrx_word' id='word_1_87' title='bbox 100 1060 449 1132; x_wconf 81' lang='grc' dir='ltr'><em>διῃρημένον.</em></span> <span class='ocrx_word' id='word_1_88' title='bbox 526 1063 626 1130; x_wconf 83' lang='grc' dir='ltr'><em>τὴν</em></span> <span class='ocrx_word' id='word_1_89' title='bbox 675 1059 736 1114; x_wconf 76' lang='grc' dir='ltr'><em>δὲ</em></span> <span class='ocrx_word' id='word_1_90' title='bbox 784 1065 1014 1131; x_wconf 80' lang='grc' dir='ltr'><em>λυχνίαν</em></span> <span class='ocrx_word' id='word_1_91' title='bbox 1063 1061 1115 1125; x_wconf 81' lang='grc' dir='ltr'><em>ἐξ</em></span> <span class='ocrx_word' id='word_1_92' title='bbox 1166 1060 1541 1130; x_wconf 83' lang='grc' dir='ltr'><em>ἑβδομήκοντα</em></span> <span class='ocrx_word' id='word_1_93' title='bbox 1582 1063 1790 1129; x_wconf 90' lang='grc' dir='ltr'><em>μορίων</em></span> 
     </span>
     <span class='ocr_line' id='line_1_13' title="bbox 99 1148 1792 1220; baseline -0.001 -16"><span class='ocrx_word' id='word_1_94' title='bbox 99 1154 330 1220; x_wconf 78' lang='grc' dir='ltr'><em>ποιήσας</em></span> <span class='ocrx_word' id='word_1_95' title='bbox 378 1148 769 1219; x_wconf 82' lang='grc' dir='ltr'><em>συγκειμένην,</em></span> <span class='ocrx_word' id='word_1_96' title='bbox 815 1151 909 1212; x_wconf 81' lang='grc' dir='ltr'><em>τὰς</em></span> <span class='ocrx_word' id='word_1_97' title='bbox 958 1160 1068 1202; x_wconf 84' lang='grc' dir='ltr'><em>τῶν</em></span> <span class='ocrx_word' id='word_1_98' title='bbox 1107 1155 1400 1219; x_wconf 85' lang='grc' dir='ltr'><em>πλανητῶν</em></span> <span class='ocrx_word' id='word_1_99' title='bbox 1442 1152 1792 1219; x_wconf 76' lang='grc' dir='ltr'><em>δεκαμοιρίας</em></span> 
     </span>
     <span class='ocr_line' id='line_1_14' title="bbox 99 1236 1792 1309; baseline -0.002 -17"><span class='ocrx_word' id='word_1_100' title='bbox 99 1237 341 1309; x_wconf 79' lang='grc' dir='ltr'><em>ᾐνίξατο,</em></span> <span class='ocrx_word' id='word_1_101' title='bbox 381 1238 471 1292; x_wconf 86' lang='grc' dir='ltr'><em>καὶ</em></span> <span class='ocrx_word' id='word_1_102' title='bbox 511 1240 746 1309; x_wconf 84' lang='grc' dir='ltr'><em>λύχνους</em></span> <span class='ocrx_word' id='word_1_103' title='bbox 778 1236 914 1307; x_wconf 77' lang='grc' dir='ltr'><em>ὑπὲρ</em></span> <span class='ocrx_word' id='word_1_104' title='bbox 955 1239 1121 1307; x_wconf 80' lang='grc' dir='ltr'><em>αὐτῆς</em></span> <span class='ocrx_word' id='word_1_105' title='bbox 1160 1237 1310 1307; x_wconf 83' lang='grc' dir='ltr'><em>ἑπτά,</em></span> <span class='ocrx_word' id='word_1_106' title='bbox 1350 1248 1460 1292; x_wconf 84' lang='grc' dir='ltr'><em>τῶν</em></span> <span class='ocrx_word' id='word_1_107' title='bbox 1499 1244 1792 1307; x_wconf 85' lang='grc' dir='ltr'><em>πλανητῶν</em></span> 
     </span>
     <span class='ocr_line' id='line_1_15' title="bbox 99 1326 1793 1397; baseline -0.001 -17"><span class='ocrx_word' id='word_1_108' title='bbox 99 1329 199 1396; x_wconf 81' lang='grc' dir='ltr'><em>τὴν</em></span> <span class='ocrx_word' id='word_1_109' title='bbox 232 1328 435 1397; x_wconf 83' lang='grc' dir='ltr'><em>φοράν·</em></span> <span class='ocrx_word' id='word_1_110' title='bbox 475 1335 729 1380; x_wconf 84' lang='grc' dir='ltr'><em>τοσοῦτοι</em></span> <span class='ocrx_word' id='word_1_111' title='bbox 761 1327 865 1395; x_wconf 87' lang='grc' dir='ltr'><em>γάρ</em></span> <span class='ocrx_word' id='word_1_112' title='bbox 906 1329 1010 1379; x_wconf 83' lang='grc' dir='ltr'><em>εἰσι</em></span> <span class='ocrx_word' id='word_1_113' title='bbox 1049 1329 1146 1379; x_wconf 89' lang='grc' dir='ltr'><em>τὸν</em></span> <span class='ocrx_word' id='word_1_114' title='bbox 1187 1327 1445 1397; x_wconf 86' lang='grc' dir='ltr'><em>ἀριθμόν.</em></span> <span class='ocrx_word' id='word_1_115' title='bbox 1507 1327 1687 1394; x_wconf 77' lang='grc'>&lt;183&gt;</span> <span class='ocrx_word' id='word_1_116' title='bbox 1728 1326 1793 1378; x_wconf 92' lang='grc' dir='ltr'><em>τά</em></span> 
     </span>
     <span class='ocr_line' id='line_1_16' title="bbox 35 1414 1793 1485; baseline 0.001 -19"><span class='ocrx_word' id='word_1_117' title='bbox 35 1431 76 1465; x_wconf 85' lang='lat'><em>15</em></span> <span class='ocrx_word' id='word_1_118' title='bbox 101 1435 156 1468; x_wconf 92' lang='grc' dir='ltr'><em>τε</em></span> <span class='ocrx_word' id='word_1_119' title='bbox 196 1416 379 1485; x_wconf 91' lang='grc' dir='ltr'><em>φάρση</em></span> <span class='ocrx_word' id='word_1_120' title='bbox 430 1415 488 1468; x_wconf 81' lang='grc' dir='ltr'><em>ἐκ</em></span> <span class='ocrx_word' id='word_1_121' title='bbox 534 1415 808 1484; x_wconf 75' lang='grc' dir='ltr'><em>τεττάρων</em></span> <span class='ocrx_word' id='word_1_122' title='bbox 845 1414 1170 1484; x_wconf 81' lang='grc' dir='ltr'><em>ὑφανθέντα</em></span> <span class='ocrx_word' id='word_1_123' title='bbox 1219 1417 1319 1483; x_wconf 86' lang='grc' dir='ltr'><em>τὴν</em></span> <span class='ocrx_word' id='word_1_124' title='bbox 1359 1425 1469 1468; x_wconf 84' lang='grc' dir='ltr'><em>τῶν</em></span> <span class='ocrx_word' id='word_1_125' title='bbox 1510 1417 1793 1485; x_wconf 84' lang='grc' dir='ltr'><em>στοιχείων</em></span> 
     </span>
     <span class='ocr_line' id='line_1_17' title="bbox 101 1503 1794 1574; baseline -0.001 -17"><span class='ocrx_word' id='word_1_126' title='bbox 101 1506 273 1574; x_wconf 92' lang='grc' dir='ltr'><em>φύσιν</em></span> <span class='ocrx_word' id='word_1_127' title='bbox 315 1506 496 1572; x_wconf 91' lang='grc' dir='ltr'><em>δηλοῖ·</em></span> <span class='ocrx_word' id='word_1_128' title='bbox 545 1505 582 1572; x_wconf 77' lang='grc' dir='ltr'><em>ἥ</em></span> <span class='ocrx_word' id='word_1_129' title='bbox 619 1523 673 1556; x_wconf 90' lang='grc' dir='ltr'><em>τε</em></span> <span class='ocrx_word' id='word_1_130' title='bbox 723 1505 827 1572; x_wconf 79' lang='grc' dir='ltr'><em>γὰρ</em></span> <span class='ocrx_word' id='word_1_131' title='bbox 868 1504 1072 1572; x_wconf 88' lang='grc' dir='ltr'><em>βύσσος</em></span> <span class='ocrx_word' id='word_1_132' title='bbox 1111 1505 1211 1572; x_wconf 83' lang='grc' dir='ltr'><em>τὴν</em></span> <span class='ocrx_word' id='word_1_133' title='bbox 1251 1512 1354 1572; x_wconf 79' lang='grc' dir='ltr'><em>γῆν</em></span> <span class='ocrx_word' id='word_1_134' title='bbox 1396 1503 1794 1572; x_wconf 87' lang='grc' dir='ltr'><em>ἀποσημαίνειν</em></span> 
     </span>
     <span class='ocr_line' id='line_1_18' title="bbox 103 1591 1796 1661; baseline -0.001 -15"><span class='ocrx_word' id='word_1_135' title='bbox 103 1596 244 1646; x_wconf 83' lang='grc' dir='ltr'><em>ἔοικε</em></span> <span class='ocrx_word' id='word_1_136' title='bbox 280 1594 372 1645; x_wconf 81' lang='grc' dir='ltr'><em>διὰ</em></span> <span class='ocrx_word' id='word_1_137' title='bbox 404 1595 464 1646; x_wconf 91' lang='grc' dir='ltr'><em>τὸ</em></span> <span class='ocrx_word' id='word_1_138' title='bbox 498 1592 551 1656; x_wconf 82' lang='grc' dir='ltr'><em>ἐξ</em></span> <span class='ocrx_word' id='word_1_139' title='bbox 585 1592 751 1660; x_wconf 84' lang='grc' dir='ltr'><em>αὐτῆς</em></span> <span class='ocrx_word' id='word_1_140' title='bbox 783 1591 1040 1644; x_wconf 86' lang='grc' dir='ltr'><em>ἀνεῖσθαι</em></span> <span class='ocrx_word' id='word_1_141' title='bbox 1071 1594 1131 1645; x_wconf 88' lang='grc' dir='ltr'><em>τὸ</em></span> <span class='ocrx_word' id='word_1_142' title='bbox 1166 1595 1343 1659; x_wconf 89' lang='grc' dir='ltr'><em>λίνον,</em></span> <span class='ocrx_word' id='word_1_143' title='bbox 1385 1593 1414 1660; x_wconf 83' lang='grc' dir='ltr'><em>ἥ</em></span> <span class='ocrx_word' id='word_1_144' title='bbox 1447 1612 1504 1645; x_wconf 91' lang='grc' dir='ltr'><em>τε</em></span> <span class='ocrx_word' id='word_1_145' title='bbox 1537 1593 1796 1661; x_wconf 90' lang='grc' dir='ltr'><em>πορφύρα</em></span> 
     </span>
     <span class='ocr_line' id='line_1_19' title="bbox 104 1681 1795 1752; baseline -0.001 -18"><span class='ocrx_word' id='word_1_146' title='bbox 104 1683 205 1749; x_wconf 85' lang='grc' dir='ltr'><em>τὴν</em></span> <span class='ocrx_word' id='word_1_147' title='bbox 243 1681 524 1733; x_wconf 89' lang='grc' dir='ltr'><em>θάλατταν</em></span> <span class='ocrx_word' id='word_1_148' title='bbox 556 1687 629 1751; x_wconf 75' lang='grc' dir='ltr'><em>τῷ</em></span> <span class='ocrx_word' id='word_1_149' title='bbox 664 1685 1024 1749; x_wconf 79' lang='grc' dir='ltr'><em>πεφοινῖχθαι</em></span> <span class='ocrx_word' id='word_1_150' title='bbox 1062 1691 1172 1733; x_wconf 87' lang='grc' dir='ltr'><em>τῶν</em></span> <span class='ocrx_word' id='word_1_151' title='bbox 1214 1682 1428 1750; x_wconf 84' lang='grc' dir='ltr'><em>ἰχθύων</em></span> <span class='ocrx_word' id='word_1_152' title='bbox 1467 1688 1540 1752; x_wconf 76' lang='grc' dir='ltr'><em>τῷ</em></span> <span class='ocrx_word' id='word_1_153' title='bbox 1584 1681 1795 1749; x_wconf 84' lang='grc' dir='ltr'><em>αἵματι·</em></span> 
     </span>
     <span class='ocr_line' id='line_1_20' title="bbox 104 1767 1797 1838; baseline 0 -17"><span class='ocrx_word' id='word_1_154' title='bbox 104 1771 203 1822; x_wconf 89' lang='grc' dir='ltr'><em>τὸν</em></span> <span class='ocrx_word' id='word_1_155' title='bbox 244 1767 293 1821; x_wconf 82' lang='grc' dir='ltr'><em>δ’</em></span> <span class='ocrx_word' id='word_1_156' title='bbox 341 1768 475 1838; x_wconf 87' lang='grc' dir='ltr'><em>ἀέρα</em></span> <span class='ocrx_word' id='word_1_157' title='bbox 514 1769 771 1837; x_wconf 91' lang='grc' dir='ltr'><em>βούλεται</em></span> <span class='ocrx_word' id='word_1_158' title='bbox 811 1770 1020 1837; x_wconf 87' lang='grc' dir='ltr'><em>δηλοῦν</em></span> <span class='ocrx_word' id='word_1_159' title='bbox 1061 1769 1089 1822; x_wconf 87' lang='grc' dir='ltr'>ὁ</span> <span class='ocrx_word' id='word_1_160' title='bbox 1129 1769 1424 1837; x_wconf 82' lang='grc' dir='ltr'><em>ὑάκινθος,</em></span> <span class='ocrx_word' id='word_1_161' title='bbox 1474 1767 1563 1822; x_wconf 89' lang='grc' dir='ltr'><em>καὶ</em></span> <span class='ocrx_word' id='word_1_162' title='bbox 1605 1769 1633 1821; x_wconf 87' lang='grc' dir='ltr'>ὁ</span> <span class='ocrx_word' id='word_1_163' title='bbox 1675 1778 1797 1838; x_wconf 93' lang='grc' dir='ltr'><em>φοῖ-</em></span> 
     </span>
     <span class='ocr_line' id='line_1_21' title="bbox 38 1855 1798 1927; baseline 0.002 -21"><span class='ocrx_word' id='word_1_164' title='bbox 38 1874 82 1906; x_wconf 83' lang='lat'><em>20</em></span> <span class='ocrx_word' id='word_1_165' title='bbox 105 1856 190 1920; x_wconf 80' lang='grc' dir='ltr'><em>νιξ</em></span> <span class='ocrx_word' id='word_1_166' title='bbox 233 1855 281 1910; x_wconf 84' lang='grc' dir='ltr'><em>δ’</em></span> <span class='ocrx_word' id='word_1_167' title='bbox 323 1856 391 1910; x_wconf 76' lang='grc' dir='ltr'><em>ἂν</em></span> <span class='ocrx_word' id='word_1_168' title='bbox 423 1861 506 1925; x_wconf 80' lang='grc' dir='ltr'><em>εἴη</em></span> <span class='ocrx_word' id='word_1_169' title='bbox 547 1860 841 1927; x_wconf 85' lang='grc' dir='ltr'><em>τεκμήριον</em></span> <span class='ocrx_word' id='word_1_170' title='bbox 877 1865 976 1910; x_wconf 89' lang='grc' dir='ltr'><em>τοῦ</em></span> <span class='ocrx_word' id='word_1_171' title='bbox 1007 1859 1194 1926; x_wconf 89' lang='grc' dir='ltr'><em>πυρός.</em></span> <span class='ocrx_word' id='word_1_172' title='bbox 1273 1857 1455 1925; x_wconf 78' lang='lat'>&lt;184&gt;</span> <span class='ocrx_word' id='word_1_173' title='bbox 1496 1856 1798 1925; x_wconf 89' lang='grc' dir='ltr'><em>ἀποσημαί-</em></span> 
     </span>
     <span class='ocr_line' id='line_1_22' title="bbox 103 1943 1798 2015; baseline -0.001 -16"><span class='ocrx_word' id='word_1_174' title='bbox 103 1966 189 1999; x_wconf 91' lang='grc' dir='ltr'><em>νει</em></span> <span class='ocrx_word' id='word_1_175' title='bbox 230 1943 291 1998; x_wconf 79' lang='grc' dir='ltr'><em>δὲ</em></span> <span class='ocrx_word' id='word_1_176' title='bbox 330 1943 423 1998; x_wconf 90' lang='grc' dir='ltr'><em>καὶ</em></span> <span class='ocrx_word' id='word_1_177' title='bbox 454 1946 484 1999; x_wconf 88' lang='grc' dir='ltr'>ὁ</span> <span class='ocrx_word' id='word_1_178' title='bbox 517 1954 616 1998; x_wconf 89' lang='grc' dir='ltr'><em>τοῦ</em></span> <span class='ocrx_word' id='word_1_179' title='bbox 658 1943 952 2015; x_wconf 88' lang='grc' dir='ltr'><em>ἀρχιερέως</em></span> <span class='ocrx_word' id='word_1_180' title='bbox 990 1946 1155 2015; x_wconf 83' lang='grc' dir='ltr'><em>χιτὼν</em></span> <span class='ocrx_word' id='word_1_181' title='bbox 1188 1947 1288 2014; x_wconf 84' lang='grc' dir='ltr'><em>τὴν</em></span> <span class='ocrx_word' id='word_1_182' title='bbox 1329 1953 1432 2014; x_wconf 84' lang='grc' dir='ltr'><em>γῆν</em></span> <span class='ocrx_word' id='word_1_183' title='bbox 1472 1950 1661 2008; x_wconf 84' lang='grc' dir='ltr'><em>λινοῦς</em></span> <span class='ocrx_word' id='word_1_184' title='bbox 1701 1947 1798 2014; x_wconf 79' lang='grc' dir='ltr'><em>ὥν,</em></span> 
     </span>
     <span class='ocr_line' id='line_1_23' title="bbox 107 2030 1801 2102; baseline 0 -14"><span class='ocrx_word' id='word_1_185' title='bbox 107 2035 136 2088; x_wconf 88' lang='grc' dir='ltr'>ὁ</span> <span class='ocrx_word' id='word_1_186' title='bbox 179 2031 231 2086; x_wconf 83' lang='grc' dir='ltr'><em>δ’</em></span> <span class='ocrx_word' id='word_1_187' title='bbox 286 2033 557 2096; x_wconf 89' lang='grc' dir='ltr'><em>ὑάκινθος</em></span> <span class='ocrx_word' id='word_1_188' title='bbox 601 2035 699 2087; x_wconf 90' lang='grc' dir='ltr'><em>τὸν</em></span> <span class='ocrx_word' id='word_1_189' title='bbox 746 2036 955 2101; x_wconf 89' lang='grc' dir='ltr'><em>πόλον,</em></span> <span class='ocrx_word' id='word_1_190' title='bbox 1001 2033 1301 2102; x_wconf 80' lang='grc' dir='ltr'><em>ἀστραπαῖς</em></span> <span class='ocrx_word' id='word_1_191' title='bbox 1347 2030 1447 2102; x_wconf 78' lang='grc' dir='ltr'><em>μὲν</em></span> <span class='ocrx_word' id='word_1_192' title='bbox 1498 2035 1633 2087; x_wconf 77' lang='grc' dir='ltr'><em>κατὰ</em></span> <span class='ocrx_word' id='word_1_193' title='bbox 1672 2037 1801 2097; x_wconf 88' lang='grc' dir='ltr'><em>τοὺς</em></span> 
     </span>
     <span class='ocr_line' id='line_1_24' title="bbox 107 2119 1800 2191; baseline 0 -16"><span class='ocrx_word' id='word_1_194' title='bbox 107 2122 366 2191; x_wconf 79' lang='grc' dir='ltr'><em>ῥοΐσκους</em></span> <span class='ocrx_word' id='word_1_195' title='bbox 420 2119 846 2190; x_wconf 86' lang='grc' dir='ltr'><em>ἀπεικασμένος,</em></span> <span class='ocrx_word' id='word_1_196' title='bbox 909 2125 1165 2191; x_wconf 89' lang='grc' dir='ltr'><em>βρονταῖς</em></span> <span class='ocrx_word' id='word_1_197' title='bbox 1221 2119 1280 2174; x_wconf 79' lang='grc' dir='ltr'><em>δὲ</em></span> <span class='ocrx_word' id='word_1_198' title='bbox 1343 2122 1477 2174; x_wconf 82' lang='grc' dir='ltr'><em>κατὰ</em></span> <span class='ocrx_word' id='word_1_199' title='bbox 1538 2124 1635 2175; x_wconf 91' lang='grc' dir='ltr'><em>τὸν</em></span> <span class='ocrx_word' id='word_1_200' title='bbox 1690 2132 1800 2175; x_wconf 80' lang='grc' dir='ltr'><em>τῶν</em></span> 
     </span>
     <span class='ocr_line' id='line_1_25' title="bbox 107 2208 1801 2280; baseline 0.001 -18"><span class='ocrx_word' id='word_1_201' title='bbox 107 2211 386 2263; x_wconf 86' lang='grc' dir='ltr'><em>κωδώνων</em></span> <span class='ocrx_word' id='word_1_202' title='bbox 423 2212 626 2279; x_wconf 80' lang='grc' dir='ltr'><em>ψόφον.</em></span> <span class='ocrx_word' id='word_1_203' title='bbox 703 2208 794 2262; x_wconf 85' lang='grc' dir='ltr'><em>καὶ</em></span> <span class='ocrx_word' id='word_1_204' title='bbox 833 2210 935 2278; x_wconf 87' lang='grc' dir='ltr'><em>τὴν</em></span> <span class='ocrx_word' id='word_1_205' title='bbox 978 2210 1282 2279; x_wconf 84' lang='grc' dir='ltr'><em>ε’φαπτρίδα</em></span> <span class='ocrx_word' id='word_1_206' title='bbox 1320 2218 1419 2263; x_wconf 90' lang='grc' dir='ltr'><em>τοῦ</em></span> <span class='ocrx_word' id='word_1_207' title='bbox 1458 2213 1662 2274; x_wconf 89' lang='grc' dir='ltr'><em>παντὸς</em></span> <span class='ocrx_word' id='word_1_208' title='bbox 1699 2212 1801 2280; x_wconf 87' lang='grc' dir='ltr'><em>τὴν</em></span> 
     </span>
     <span class='ocr_line' id='line_1_26' title="bbox 44 2297 1800 2373; baseline 0.003 -27"><span class='ocrx_word' id='word_1_209' title='bbox 44 2314 86 2346; x_wconf 78' lang='lat'><em>25</em></span> <span class='ocrx_word' id='word_1_210' title='bbox 110 2299 283 2368; x_wconf 83' lang='grc' dir='ltr'><em>φύσιν</em></span> <span class='ocrx_word' id='word_1_211' title='bbox 307 2297 367 2350; x_wconf 86' lang='grc' dir='ltr'><em>ἐκ</em></span> <span class='ocrx_word' id='word_1_212' title='bbox 399 2298 669 2367; x_wconf 88' lang='grc' dir='ltr'><em>τεττάρων</em></span> <span class='ocrx_word' id='word_1_213' title='bbox 702 2297 966 2366; x_wconf 90' lang='grc' dir='ltr'><em>γενέσθαι</em></span> <span class='ocrx_word' id='word_1_214' title='bbox 1000 2300 1300 2368; x_wconf 90' lang='grc' dir='ltr'><em>δοχθεῖσαν</em></span> <span class='ocrx_word' id='word_1_215' title='bbox 1332 2306 1405 2370; x_wconf 78' lang='grc' dir='ltr'><em>τῷ</em></span> <span class='ocrx_word' id='word_1_216' title='bbox 1439 2304 1576 2370; x_wconf 77' lang='grc' dir='ltr'><em>θεῷ,</em></span> <span class='ocrx_word' id='word_1_217' title='bbox 1615 2307 1800 2373; x_wconf 78' lang='grc' dir='ltr'><em>χρυσῷ</em></span> 
     </span>
     <span class='ocr_line' id='line_1_27' title="bbox 112 2383 1803 2457; baseline 0.001 -18"><span class='ocrx_word' id='word_1_218' title='bbox 112 2384 542 2456; x_wconf 89' lang='grc' dir='ltr'><em>συνυφασμένην</em></span> <span class='ocrx_word' id='word_1_219' title='bbox 575 2383 691 2438; x_wconf 84' lang='grc' dir='ltr'><em>κατ’</em></span> <span class='ocrx_word' id='word_1_220' title='bbox 732 2386 981 2439; x_wconf 86' lang='grc' dir='ltr'><em>ἐπίνοιαν</em></span> <span class='ocrx_word' id='word_1_221' title='bbox 1015 2384 1166 2455; x_wconf 80' lang='grc' dir='ltr'><em>οἶμαι</em></span> <span class='ocrx_word' id='word_1_222' title='bbox 1199 2396 1293 2456; x_wconf 79' lang='grc' dir='ltr'><em>τῆς</em></span> <span class='ocrx_word' id='word_1_223' title='bbox 1323 2388 1636 2457; x_wconf 90' lang='grc' dir='ltr'><em>προσούσης</em></span> <span class='ocrx_word' id='word_1_224' title='bbox 1668 2389 1803 2440; x_wconf 78' lang='grc' dir='ltr'><em>ἄπα-</em></span> 
     </span>
     <span class='ocr_line' id='line_1_28' title="bbox 112 2473 1804 2545; baseline 0 -17"><span class='ocrx_word' id='word_1_225' title='bbox 112 2490 204 2528; x_wconf 93' lang='grc' dir='ltr'><em>σιν</em></span> <span class='ocrx_word' id='word_1_226' title='bbox 258 2474 442 2542; x_wconf 83' lang='grc' dir='ltr'><em>αὐγῆς.</em></span> <span class='ocrx_word' id='word_1_227' title='bbox 520 2474 699 2542; x_wconf 80' lang='grc'>&lt;185&gt;</span> <span class='ocrx_word' id='word_1_228' title='bbox 747 2473 838 2527; x_wconf 86' lang='grc' dir='ltr'><em>καὶ</em></span> <span class='ocrx_word' id='word_1_229' title='bbox 892 2477 989 2528; x_wconf 91' lang='grc' dir='ltr'><em>τὸν</em></span> <span class='ocrx_word' id='word_1_230' title='bbox 1045 2475 1248 2544; x_wconf 83' lang='grc' dir='ltr'><em>ἐσσῆνα</em></span> <span class='ocrx_word' id='word_1_231' title='bbox 1302 2474 1470 2544; x_wconf 89' lang='grc' dir='ltr'><em>μέσον</em></span> <span class='ocrx_word' id='word_1_232' title='bbox 1525 2478 1657 2530; x_wconf 80' lang='grc' dir='ltr'><em>ὄντα</em></span> <span class='ocrx_word' id='word_1_233' title='bbox 1710 2483 1804 2545; x_wconf 84' lang='grc' dir='ltr'><em>τῆς</em></span> 
     </span>
     <span class='ocr_line' id='line_1_29' title="bbox 113 2561 1803 2636; baseline 0.001 -22"><span class='ocrx_word' id='word_1_234' title='bbox 113 2562 448 2632; x_wconf 83' lang='grc' dir='ltr'><em>ἐφαπτρίδος</em></span> <span class='ocrx_word' id='word_1_235' title='bbox 503 2561 562 2614; x_wconf 84' lang='grc' dir='ltr'><em>ἐν</em></span> <span class='ocrx_word' id='word_1_236' title='bbox 616 2565 800 2636; x_wconf 81' lang='grc' dir='ltr'><em>τρόπῳ</em></span> <span class='ocrx_word' id='word_1_237' title='bbox 855 2571 954 2632; x_wconf 81' lang='grc' dir='ltr'><em>γῆς</em></span> <span class='ocrx_word' id='word_1_238' title='bbox 1007 2563 1178 2627; x_wconf 81' lang='grc' dir='ltr'><em>ἔταξε·</em></span> <span class='ocrx_word' id='word_1_239' title='bbox 1235 2563 1326 2616; x_wconf 86' lang='grc' dir='ltr'><em>καὶ</em></span> <span class='ocrx_word' id='word_1_240' title='bbox 1372 2566 1475 2635; x_wconf 78' lang='grc' dir='ltr'><em>γὰρ</em></span> <span class='ocrx_word' id='word_1_241' title='bbox 1524 2565 1658 2633; x_wconf 80' lang='grc' dir='ltr'><em>αὕτη</em></span> <span class='ocrx_word' id='word_1_242' title='bbox 1706 2566 1803 2618; x_wconf 87' lang='grc' dir='ltr'><em>τὸν</em></span> 
     </span>
     <span class='ocr_line' id='line_1_30' title="bbox 115 2652 1803 2721; baseline 0.002 -18"><span class='ocrx_word' id='word_1_243' title='bbox 115 2653 442 2719; x_wconf 89' lang='grc' dir='ltr'><em>μεσαίτατον</em></span> <span class='ocrx_word' id='word_1_244' title='bbox 503 2652 673 2704; x_wconf 90' lang='grc' dir='ltr'><em>τόπον</em></span> <span class='ocrx_word' id='word_1_245' title='bbox 734 2653 859 2721; x_wconf 83' lang='grc' dir='ltr'><em>ἔχει.</em></span> <span class='ocrx_word' id='word_1_246' title='bbox 939 2652 1078 2721; x_wconf 83' lang='grc' dir='ltr'><em>ζώνη</em></span> <span class='ocrx_word' id='word_1_247' title='bbox 1134 2672 1188 2704; x_wconf 91' lang='grc' dir='ltr'><em>τε</em></span> <span class='ocrx_word' id='word_1_248' title='bbox 1250 2654 1652 2721; x_wconf 88' lang='grc' dir='ltr'><em>περιοδεύσασα</em></span> <span class='ocrx_word' id='word_1_249' title='bbox 1707 2655 1803 2706; x_wconf 89' lang='grc' dir='ltr'><em>τὸν</em></span> 
     </span>
    </p>
   </div>
   <div class='ocr_carea' id='block_1_3' title="bbox 116 2764 1802 2893">
    <p class='ocr_par' dir='ltr' id='par_1_3' title="bbox 116 2764 1802 2893">
     <span class='ocr_line' id='line_1_31' title="bbox 234 2764 1802 2822; baseline 0.002 -13"><span class='ocrx_word' id='word_1_250' title='bbox 234 2771 257 2820; x_wconf 69' lang='grc' dir='ltr'>ἓ</span> <span class='ocrx_word' id='word_1_251' title='bbox 292 2770 374 2810; x_wconf 86' lang='grc'><em>181</em></span> <span class='ocrx_word' id='word_1_252' title='bbox 410 2764 466 2809; x_wconf 88' lang='lat' dir='ltr'><em>cf.</em></span> <span class='ocrx_word' id='word_1_253' title='bbox 499 2765 614 2810; x_wconf 80' lang='lat' dir='ltr'><strong>Bell.</strong></span> <span class='ocrx_word' id='word_1_254' title='bbox 648 2767 745 2812; x_wconf 79' lang='lat' dir='ltr'>Iud.</span> <span class='ocrx_word' id='word_1_255' title='bbox 779 2766 822 2809; x_wconf 93' lang='lat' dir='ltr'><strong>V</strong></span> <span class='ocrx_word' id='word_1_256' title='bbox 854 2773 894 2822; x_wconf 87' lang='lat'><em>5,</em></span> <span class='ocrx_word' id='word_1_257' title='bbox 928 2773 1058 2812; x_wconf 84' lang='lat'>4—7.</span> <span class='ocrx_word' id='word_1_258' title='bbox 1153 2773 1176 2821; x_wconf 63' lang='grc' dir='ltr'>ἓ</span> <span class='ocrx_word' id='word_1_259' title='bbox 1211 2770 1295 2811; x_wconf 83' lang='grc'><em>184</em></span> <span class='ocrx_word' id='word_1_260' title='bbox 1332 2767 1387 2812; x_wconf 84' lang='lat' dir='ltr'><em>cf.</em></span> <span class='ocrx_word' id='word_1_261' title='bbox 1421 2768 1540 2812; x_wconf 82' lang='lat' dir='ltr'><strong>Phil.</strong></span> <span class='ocrx_word' id='word_1_262' title='bbox 1573 2768 1655 2812; x_wconf 70' lang='lat' dir='ltr'><strong>vit.</strong></span> <span class='ocrx_word' id='word_1_263' title='bbox 1688 2768 1802 2812; x_wconf 80' lang='lat' dir='ltr'>Mos.</span> 
     </span>
     <span class='ocr_line' id='line_1_32' title="bbox 116 2839 412 2893; baseline 0.007 -11"><span class='ocrx_word' id='word_1_264' title='bbox 116 2839 181 2882; x_wconf 90' lang='lat' dir='ltr'><em>III</em></span> <span class='ocrx_word' id='word_1_265' title='bbox 213 2844 236 2893; x_wconf 70' lang='grc' dir='ltr'>ἓ</span> <span class='ocrx_word' id='word_1_266' title='bbox 269 2845 308 2884; x_wconf 90' lang='grc'><em>6.</em></span> <span class='ocrx_word' id='word_1_267' title='bbox 344 2845 412 2884; x_wconf 83' lang='lat'><em>12.</em></span> 
     </span>
    </p>
   </div>
  </div>
 </body>
</html>
