<?xml version="1.0" encoding="UTF-8"?>
<!DOCTYPE html PUBLIC "-//W3C//DTD XHTML 1.0 Transitional//EN"
    "http://www.w3.org/TR/xhtml1/DTD/xhtml1-transitional.dtd">
<html xmlns="http://www.w3.org/1999/xhtml" xml:lang="en" lang="en">
 <head>
  <title>
</title>
<meta http-equiv="Content-Type" content="text/html;charset=utf-8" />
  <meta name='ocr-system' content='tesseract 3.04.00' />
  <meta name='ocr-capabilities' content='ocr_page ocr_carea ocr_par ocr_line ocrx_word'/>
</head>
<body>
  <div class='ocr_page' id='page_1' title='image "./flaviiiosephiope01joseuoft_0131.png"; bbox 0 0 2052 3141; ppageno 0'>
   <div class='ocr_carea' id='block_1_1' title="bbox 86 1080 126 1111">
    <p class='ocr_par' dir='ltr' id='par_1_1' title="bbox 86 1080 126 1111">
     <span class='ocr_line' id='line_1_1' title="bbox 86 1080 126 1111; baseline 0 0"><span class='ocrx_word' id='word_1_1' title='bbox 86 1080 126 1111; x_wconf 85' lang='lat'><em>10</em></span> 
     </span>
    </p>
   </div>
   <div class='ocr_carea' id='block_1_2' title="bbox 88 1523 127 1553">
    <p class='ocr_par' dir='ltr' id='par_1_2' title="bbox 88 1523 127 1553">
     <span class='ocr_line' id='line_1_2' title="bbox 88 1523 127 1553; baseline 0 0"><span class='ocrx_word' id='word_1_2' title='bbox 88 1523 127 1553; x_wconf 81' lang='lat'><em>15</em></span> 
     </span>
    </p>
   </div>
   <div class='ocr_carea' id='block_1_3' title="bbox 85 1964 127 1994">
    <p class='ocr_par' dir='ltr' id='par_1_3' title="bbox 85 1964 127 1994">
     <span class='ocr_line' id='line_1_3' title="bbox 85 1964 127 1994; baseline 0 0"><span class='ocrx_word' id='word_1_3' title='bbox 85 1964 127 1994; x_wconf 79' lang='lat'><em>‘20</em></span> 
     </span>
    </p>
   </div>
   <div class='ocr_carea' id='block_1_4' title="bbox 87 2404 128 2435">
    <p class='ocr_par' dir='ltr' id='par_1_4' title="bbox 87 2404 128 2435">
     <span class='ocr_line' id='line_1_4' title="bbox 87 2404 128 2435; baseline -0.024 0"><span class='ocrx_word' id='word_1_4' title='bbox 87 2404 128 2435; x_wconf 81' lang='lat'><em>25</em></span> 
     </span>
    </p>
   </div>
   <div class='ocr_carea' id='block_1_5' title="bbox 84 2843 128 2874">
    <p class='ocr_par' dir='ltr' id='par_1_5' title="bbox 84 2843 128 2874">
     <span class='ocr_line' id='line_1_5' title="bbox 84 2843 128 2874; baseline 0 0"><span class='ocrx_word' id='word_1_5' title='bbox 84 2843 128 2874; x_wconf 86' lang='lat'><em>30</em></span> 
     </span>
    </p>
   </div>
   <div class='ocr_carea' id='block_1_6' title="bbox 854 140 1835 192">
    <p class='ocr_par' dir='ltr' id='par_1_6' title="bbox 854 140 1835 192">
     <span class='ocr_line' id='line_1_6' title="bbox 854 140 1835 192; baseline 0.012 -12"><span class='ocrx_word' id='word_1_6' title='bbox 854 140 1128 181; x_wconf 77' lang='lat' dir='ltr'><strong>AETTEPA</strong></span> <span class='ocrx_word' id='word_1_7' title='bbox 1734 140 1835 192; x_wconf 84' lang='lat'><em>101</em></span> 
     </span>
    </p>
   </div>
   <div class='ocr_carea' id='block_1_7' title="bbox 149 269 1851 2984">
    <p class='ocr_par' dir='ltr' id='par_1_7' title="bbox 150 269 1846 782">
     <span class='ocr_line' id='line_1_7' title="bbox 150 269 1843 344; baseline 0.002 -21"><span class='ocrx_word' id='word_1_8' title='bbox 150 271 305 339; x_wconf 81' lang='grc' dir='ltr'><em>ἡμῶν</em></span> <span class='ocrx_word' id='word_1_9' title='bbox 367 271 548 324; x_wconf 86' lang='grc' dir='ltr'><em>αὐτῶν</em></span> <span class='ocrx_word' id='word_1_10' title='bbox 610 269 746 341; x_wconf 74' lang='grc' dir='ltr'><em>ὑπὲρ</em></span> <span class='ocrx_word' id='word_1_11' title='bbox 817 280 909 340; x_wconf 78' lang='grc' dir='ltr'><em>τῆς</em></span> <span class='ocrx_word' id='word_1_12' title='bbox 970 272 1230 343; x_wconf 80' lang='grc' dir='ltr'><em>ἡμετέρας</em></span> <span class='ocrx_word' id='word_1_13' title='bbox 1293 277 1496 342; x_wconf 89' lang='grc' dir='ltr'><em>νοήσας</em></span> <span class='ocrx_word' id='word_1_14' title='bbox 1559 277 1843 344; x_wconf 88' lang='grc' dir='ltr'><em>σωτηρίας.</em></span> 
     </span>
     <span class='ocr_line' id='line_1_8' title="bbox 152 356 1844 433; baseline 0.004 -22"><span class='ocrx_word' id='word_1_15' title='bbox 152 359 330 426; x_wconf 73' lang='grc' dir='ltr'>&lt;1ᾧ8&gt;</span> <span class='ocrx_word' id='word_1_16' title='bbox 371 356 468 412; x_wconf 73' lang='grc' dir='ltr'><em>εἴτ’</em></span> <span class='ocrx_word' id='word_1_17' title='bbox 513 356 616 412; x_wconf 81' lang='grc' dir='ltr'><em>οὖν</em></span> <span class='ocrx_word' id='word_1_18' title='bbox 662 363 898 413; x_wconf 83' lang='grc' dir='ltr'><em>κτείνειν</em></span> <span class='ocrx_word' id='word_1_19' title='bbox 938 361 1107 414; x_wconf 85' lang='grc' dir='ltr'><em>αὐτὸν</em></span> <span class='ocrx_word' id='word_1_20' title='bbox 1146 360 1356 430; x_wconf 87' lang='grc' dir='ltr'><em>θέλεις,</em></span> <span class='ocrx_word' id='word_1_21' title='bbox 1405 360 1496 431; x_wconf 78' lang='grc' dir='ltr'><em>ἐμὲ</em></span> <span class='ocrx_word' id='word_1_22' title='bbox 1538 365 1844 433; x_wconf 89' lang='grc' dir='ltr'><em>τιμωρησά-</em></span> 
     </span>
     <span class='ocr_line' id='line_1_9' title="bbox 152 445 1844 520; baseline 0.003 -20"><span class='ocrx_word' id='word_1_23' title='bbox 152 467 314 515; x_wconf 88' lang='grc' dir='ltr'><em>μενος</em></span> <span class='ocrx_word' id='word_1_24' title='bbox 353 445 475 500; x_wconf 79' lang='grc' dir='ltr'><em>ἀντὶ</em></span> <span class='ocrx_word' id='word_1_25' title='bbox 522 449 721 501; x_wconf 91' lang='grc' dir='ltr'><em>τούτου</em></span> <span class='ocrx_word' id='word_1_26' title='bbox 769 456 842 519; x_wconf 75' lang='grc' dir='ltr'><em>τῷ</em></span> <span class='ocrx_word' id='word_1_27' title='bbox 893 447 1056 516; x_wconf 85' lang='grc' dir='ltr'><em>πατρὶ</em></span> <span class='ocrx_word' id='word_1_28' title='bbox 1096 458 1292 503; x_wconf 88' lang='grc' dir='ltr'><em>τοῦτον</em></span> <span class='ocrx_word' id='word_1_29' title='bbox 1334 450 1687 520; x_wconf 78' lang='grc' dir='ltr'><em>ἀπόπεμψον,</em></span> <span class='ocrx_word' id='word_1_30' title='bbox 1739 457 1844 505; x_wconf 77' lang='grc' dir='ltr'><em>εἴτε</em></span> 
     </span>
     <span class='ocr_line' id='line_1_10' title="bbox 151 534 1846 609; baseline 0.002 -21"><span class='ocrx_word' id='word_1_31' title='bbox 151 534 241 588; x_wconf 86' lang='grc' dir='ltr'><em>καὶ</em></span> <span class='ocrx_word' id='word_1_32' title='bbox 287 534 530 605; x_wconf 80' lang='grc' dir='ltr'><em>κατέχειν</em></span> <span class='ocrx_word' id='word_1_33' title='bbox 578 551 666 589; x_wconf 93' lang='grc' dir='ltr'><em>σοι</em></span> <span class='ocrx_word' id='word_1_34' title='bbox 714 538 868 589; x_wconf 88' lang='grc' dir='ltr'><em>δοκεῖ</em></span> <span class='ocrx_word' id='word_1_35' title='bbox 911 538 1143 606; x_wconf 85' lang='grc' dir='ltr'><em>δοῦλον,</em></span> <span class='ocrx_word' id='word_1_36' title='bbox 1194 538 1298 606; x_wconf 81' lang='grc' dir='ltr'><em>ἐγὼ</em></span> <span class='ocrx_word' id='word_1_37' title='bbox 1348 542 1483 607; x_wconf 89' lang='grc' dir='ltr'><em>πρὸς</em></span> <span class='ocrx_word' id='word_1_38' title='bbox 1532 541 1625 602; x_wconf 81' lang='grc' dir='ltr'><em>τὰς</em></span> <span class='ocrx_word' id='word_1_39' title='bbox 1663 543 1846 609; x_wconf 77' lang='grc' dir='ltr'><em>χρείας</em></span> 
     </span>
     <span class='ocr_line' id='line_1_11' title="bbox 153 624 1845 697; baseline 0.002 -21"><span class='ocrx_word' id='word_1_40' title='bbox 153 638 240 677; x_wconf 91' lang='grc' dir='ltr'><em>σοι</em></span> <span class='ocrx_word' id='word_1_41' title='bbox 277 624 769 694; x_wconf 77' lang='grc' dir='ltr'><em>ὑπηρετικώτερος,</em></span> <span class='ocrx_word' id='word_1_42' title='bbox 809 624 1068 693; x_wconf 91' lang='grc' dir='ltr'><em>ἀμείνων,</em></span> <span class='ocrx_word' id='word_1_43' title='bbox 1109 626 1181 688; x_wconf 87' lang='grc' dir='ltr'><em>ὡς</em></span> <span class='ocrx_word' id='word_1_44' title='bbox 1221 626 1372 697; x_wconf 72' lang='grc' dir='ltr'><em>ὁρᾷς,</em></span> <span class='ocrx_word' id='word_1_45' title='bbox 1412 630 1547 696; x_wconf 86' lang='grc' dir='ltr'><em>πρὸς</em></span> <span class='ocrx_word' id='word_1_46' title='bbox 1589 625 1845 697; x_wconf 81' lang='grc' dir='ltr'><em>ἑκάτερον</em></span> 
     </span>
     <span class='ocr_line' id='line_1_12' title="bbox 152 713 838 782; baseline 0 -18"><span class='ocrx_word' id='word_1_47' title='bbox 152 722 259 764; x_wconf 88' lang='grc' dir='ltr'><em>τῶν</em></span> <span class='ocrx_word' id='word_1_48' title='bbox 299 718 496 765; x_wconf 86' lang='grc' dir='ltr'><em>παθῶν</em></span> <span class='ocrx_word' id='word_1_49' title='bbox 534 713 838 782; x_wconf 80' lang='grc' dir='ltr'><em>ὑπάρχων.’</em></span> 
     </span>
    </p>

    <p class='ocr_par' dir='ltr' id='par_1_8' title="bbox 149 798 1851 2903">
     <span class='ocr_line' id='line_1_13' title="bbox 261 798 1845 873; baseline 0.003 -21"><span class='ocrx_word' id='word_1_50' title='bbox 261 801 441 866; x_wconf 75' lang='grc'>&lt;159&gt;</span> <span class='ocrx_word' id='word_1_51' title='bbox 477 798 689 863; x_wconf 79' lang='grc' dir='ltr'><em>Ἰούδας</em></span> <span class='ocrx_word' id='word_1_52' title='bbox 738 798 838 869; x_wconf 77' lang='grc' dir='ltr'><em>μὲν</em></span> <span class='ocrx_word' id='word_1_53' title='bbox 879 798 981 854; x_wconf 80' lang='grc' dir='ltr'><em>οὖν</em></span> <span class='ocrx_word' id='word_1_54' title='bbox 1021 800 1191 855; x_wconf 79' lang='grc' dir='ltr'><em>πάνθ’</em></span> <span class='ocrx_word' id='word_1_55' title='bbox 1238 802 1535 871; x_wconf 86' lang='grc' dir='ltr'><em>ὑπομένειν</em></span> <span class='ocrx_word' id='word_1_56' title='bbox 1576 802 1711 873; x_wconf 74' lang='grc' dir='ltr'><em>ὑπὲρ</em></span> <span class='ocrx_word' id='word_1_57' title='bbox 1752 813 1845 872; x_wconf 81' lang='grc' dir='ltr'><em>τῆς</em></span> 
     </span>
     <span class='ocr_line' id='line_1_14' title="bbox 150 888 1845 961; baseline 0.003 -21"><span class='ocrx_word' id='word_1_58' title='bbox 150 888 427 957; x_wconf 84' lang='grc' dir='ltr'><em>τάδελφοῦ</em></span> <span class='ocrx_word' id='word_1_59' title='bbox 476 893 744 958; x_wconf 80' lang='grc' dir='ltr'><em>σωτηρίας</em></span> <span class='ocrx_word' id='word_1_60' title='bbox 789 889 963 957; x_wconf 78' lang='grc' dir='ltr'><em>ἡδέως</em></span> <span class='ocrx_word' id='word_1_61' title='bbox 1010 893 1177 959; x_wconf 77' lang='grc' dir='ltr'><em>ἔχων,</em></span> <span class='ocrx_word' id='word_1_62' title='bbox 1227 892 1402 959; x_wconf 81' lang='grc' dir='ltr'><em>ῥίπτει</em></span> <span class='ocrx_word' id='word_1_63' title='bbox 1442 895 1548 961; x_wconf 89' lang='grc' dir='ltr'><em>πρὸ</em></span> <span class='ocrx_word' id='word_1_64' title='bbox 1588 903 1698 945; x_wconf 88' lang='grc' dir='ltr'><em>τῶν</em></span> <span class='ocrx_word' id='word_1_65' title='bbox 1733 890 1845 945; x_wconf 84' lang='grc' dir='ltr'><em>Ἰω-</em></span> 
     </span>
     <span class='ocr_line' id='line_1_15' title="bbox 151 975 1845 1049; baseline 0.003 -21"><span class='ocrx_word' id='word_1_66' title='bbox 151 979 328 1043; x_wconf 88' lang='grc' dir='ltr'><em>σήπου</em></span> <span class='ocrx_word' id='word_1_67' title='bbox 375 977 565 1029; x_wconf 89' lang='grc' dir='ltr'><em>ποδῶν</em></span> <span class='ocrx_word' id='word_1_68' title='bbox 613 975 842 1046; x_wconf 83' lang='grc' dir='ltr'><em>ἑαυτόν,</em></span> <span class='ocrx_word' id='word_1_69' title='bbox 898 984 953 1030; x_wconf 79' lang='grc' dir='ltr'><em>εἴ</em></span> <span class='ocrx_word' id='word_1_70' title='bbox 991 997 1104 1040; x_wconf 88' lang='grc' dir='ltr'><em>πως</em></span> <span class='ocrx_word' id='word_1_71' title='bbox 1156 978 1468 1047; x_wconf 77' lang='grc' dir='ltr'><em>ἐκμαλάξειε</em></span> <span class='ocrx_word' id='word_1_72' title='bbox 1519 982 1618 1048; x_wconf 85' lang='grc' dir='ltr'><em>τὴν</em></span> <span class='ocrx_word' id='word_1_73' title='bbox 1671 981 1845 1049; x_wconf 85' lang='grc' dir='ltr'><em>ὀργὴν</em></span> 
     </span>
     <span class='ocr_line' id='line_1_16' title="bbox 150 1063 1846 1135; baseline 0.004 -20"><span class='ocrx_word' id='word_1_74' title='bbox 150 1064 320 1117; x_wconf 86' lang='grc' dir='ltr'><em>αὐτοῦ</em></span> <span class='ocrx_word' id='word_1_75' title='bbox 360 1063 450 1116; x_wconf 85' lang='grc' dir='ltr'><em>καὶ</em></span> <span class='ocrx_word' id='word_1_76' title='bbox 490 1065 922 1133; x_wconf 79' lang='grc' dir='ltr'><em>καταπραΰνειεν</em></span> <span class='ocrx_word' id='word_1_77' title='bbox 963 1065 1385 1134; x_wconf 74' lang='grc' dir='ltr'><em>ἀγωνιζόμενος·</em></span> <span class='ocrx_word' id='word_1_78' title='bbox 1426 1070 1743 1135; x_wconf 91' lang='grc' dir='ltr'><em>προύπεσον</em></span> <span class='ocrx_word' id='word_1_79' title='bbox 1785 1067 1846 1121; x_wconf 76' lang='grc' dir='ltr'><em>δὲ</em></span> 
     </span>
     <span class='ocr_line' id='line_1_17' title="bbox 149 1151 1846 1225; baseline 0.004 -21"><span class='ocrx_word' id='word_1_80' title='bbox 149 1151 239 1204; x_wconf 85' lang='grc' dir='ltr'><em>καὶ</em></span> <span class='ocrx_word' id='word_1_81' title='bbox 280 1153 337 1205; x_wconf 76' lang='grc' dir='ltr'><em>οἱ</em></span> <span class='ocrx_word' id='word_1_82' title='bbox 380 1151 611 1222; x_wconf 87' lang='grc' dir='ltr'><em>ἀδελφοὶ</em></span> <span class='ocrx_word' id='word_1_83' title='bbox 659 1154 883 1221; x_wconf 87' lang='grc' dir='ltr'><em>πάντες,</em></span> <span class='ocrx_word' id='word_1_84' title='bbox 937 1156 1269 1223; x_wconf 87' lang='grc' dir='ltr'><em>δακρύοντες</em></span> <span class='ocrx_word' id='word_1_85' title='bbox 1317 1154 1408 1208; x_wconf 81' lang='grc' dir='ltr'><em>καὶ</em></span> <span class='ocrx_word' id='word_1_86' title='bbox 1447 1159 1846 1225; x_wconf 88' lang='grc' dir='ltr'><em>παραδιδόντες</em></span> 
     </span>
     <span class='ocr_line' id='line_1_18' title="bbox 151 1238 1845 1313; baseline 0.003 -20"><span class='ocrx_word' id='word_1_87' title='bbox 151 1239 378 1303; x_wconf 78' lang='grc' dir='ltr'><em>ἑαυτοὺς</em></span> <span class='ocrx_word' id='word_1_88' title='bbox 402 1238 539 1311; x_wconf 77' lang='grc' dir='ltr'><em>ὑπὲρ</em></span> <span class='ocrx_word' id='word_1_89' title='bbox 565 1249 657 1309; x_wconf 81' lang='grc' dir='ltr'><em>τῆς</em></span> <span class='ocrx_word' id='word_1_90' title='bbox 681 1240 949 1311; x_wconf 86' lang='grc' dir='ltr'><em>Βενιαμὶν</em></span> <span class='ocrx_word' id='word_1_91' title='bbox 983 1251 1160 1312; x_wconf 81' lang='grc' dir='ltr'><em>ψυχῆς</em></span> <span class='ocrx_word' id='word_1_92' title='bbox 1185 1242 1612 1312; x_wconf 89' lang='grc' dir='ltr'><em>ἀπολουμένους.</em></span> <span class='ocrx_word' id='word_1_93' title='bbox 1663 1246 1845 1313; x_wconf 82' lang='grc'>&lt;160&gt;</span> 
     </span>
     <span class='ocr_line' id='line_1_19' title="bbox 152 1326 1844 1403; baseline 0.003 -20"><span class='ocrx_word' id='word_1_94' title='bbox 152 1330 179 1383; x_wconf 89' lang='grc' dir='ltr'>ὁ</span> <span class='ocrx_word' id='word_1_95' title='bbox 215 1326 274 1381; x_wconf 76' lang='grc' dir='ltr'><em>δὲ</em></span> <span class='ocrx_word' id='word_1_96' title='bbox 308 1326 566 1398; x_wconf 83' lang='grc' dir='ltr'><em>Ἰώσηπος</em></span> <span class='ocrx_word' id='word_1_97' title='bbox 599 1330 954 1400; x_wconf 78' lang='grc' dir='ltr'><em>ἐλεγχόμενος</em></span> <span class='ocrx_word' id='word_1_98' title='bbox 985 1331 1092 1384; x_wconf 87' lang='grc' dir='ltr'><em>ὑπὸ</em></span> <span class='ocrx_word' id='word_1_99' title='bbox 1125 1340 1224 1385; x_wconf 88' lang='grc' dir='ltr'><em>τοῦ</em></span> <span class='ocrx_word' id='word_1_100' title='bbox 1256 1334 1492 1401; x_wconf 88' lang='grc' dir='ltr'><em>πάθους,</em></span> <span class='ocrx_word' id='word_1_101' title='bbox 1532 1334 1621 1387; x_wconf 83' lang='grc' dir='ltr'><em>καὶ</em></span> <span class='ocrx_word' id='word_1_102' title='bbox 1654 1334 1844 1403; x_wconf 79' lang='grc' dir='ltr'><em>μηκέτι</em></span> 
     </span>
     <span class='ocr_line' id='line_1_20' title="bbox 153 1418 1846 1490; baseline 0.004 -21"><span class='ocrx_word' id='word_1_103' title='bbox 153 1418 462 1485; x_wconf 88' lang='grc' dir='ltr'><em>δυνάμενος</em></span> <span class='ocrx_word' id='word_1_104' title='bbox 508 1420 607 1486; x_wconf 86' lang='grc' dir='ltr'><em>τὴν</em></span> <span class='ocrx_word' id='word_1_105' title='bbox 655 1426 747 1486; x_wconf 79' lang='grc' dir='ltr'><em>τῆς</em></span> <span class='ocrx_word' id='word_1_106' title='bbox 795 1419 961 1488; x_wconf 73' lang='grc' dir='ltr'><em>ὀργῆς</em></span> <span class='ocrx_word' id='word_1_107' title='bbox 1008 1419 1198 1488; x_wconf 85' lang='grc' dir='ltr'><em>φέρειν</em></span> <span class='ocrx_word' id='word_1_108' title='bbox 1250 1420 1580 1490; x_wconf 78' lang='grc' dir='ltr'><em>ὑπόκρισιν,</em></span> <span class='ocrx_word' id='word_1_109' title='bbox 1636 1425 1846 1476; x_wconf 81' lang='grc' dir='ltr'><em>κελεύει</em></span> 
     </span>
     <span class='ocr_line' id='line_1_21' title="bbox 152 1502 1847 1577; baseline 0.005 -20"><span class='ocrx_word' id='word_1_110' title='bbox 152 1502 252 1573; x_wconf 75' lang='grc' dir='ltr'><em>μὲν</em></span> <span class='ocrx_word' id='word_1_111' title='bbox 292 1504 564 1558; x_wconf 80' lang='grc' dir='ltr'><em>ἀπελθεῖν,</em></span> <span class='ocrx_word' id='word_1_112' title='bbox 607 1509 734 1568; x_wconf 86' lang='grc' dir='ltr'><em>τοὺς</em></span> <span class='ocrx_word' id='word_1_113' title='bbox 780 1510 1081 1577; x_wconf 77' lang='grc' dir='ltr'><em>παρόντας,</em></span> <span class='ocrx_word' id='word_1_114' title='bbox 1132 1509 1225 1560; x_wconf 79' lang='grc' dir='ltr'><em>ἵνα</em></span> <span class='ocrx_word' id='word_1_115' title='bbox 1264 1512 1457 1577; x_wconf 90' lang='grc' dir='ltr'><em>μόνοις</em></span> <span class='ocrx_word' id='word_1_116' title='bbox 1497 1509 1694 1564; x_wconf 79' lang='grc' dir='ltr'><em>ἑαυτὸν</em></span> <span class='ocrx_word' id='word_1_117' title='bbox 1733 1521 1847 1574; x_wconf 86' lang='grc' dir='ltr'><em>τοῖς</em></span> 
     </span>
     <span class='ocr_line' id='line_1_22' title="bbox 152 1594 1851 1667; baseline 0.004 -21"><span class='ocrx_word' id='word_1_118' title='bbox 152 1594 412 1663; x_wconf 78' lang='grc' dir='ltr'><em>ἀδελφοῖς</em></span> <span class='ocrx_word' id='word_1_119' title='bbox 463 1597 664 1665; x_wconf 79' lang='grc' dir='ltr'><em>ποιήσῃ</em></span> <span class='ocrx_word' id='word_1_120' title='bbox 718 1599 998 1665; x_wconf 87' lang='grc' dir='ltr'><em>φανερόν,</em></span> <span class='ocrx_word' id='word_1_121' title='bbox 1052 1596 1530 1667; x_wconf 72' lang='grc' dir='ltr'><em>ἀναχωρησάντων</em></span> <span class='ocrx_word' id='word_1_122' title='bbox 1587 1597 1648 1652; x_wconf 75' lang='grc' dir='ltr'><em>δὲ</em></span> <span class='ocrx_word' id='word_1_123' title='bbox 1702 1610 1851 1654; x_wconf 89' lang='grc' dir='ltr'><em>ποιεῖ</em></span> 
     </span>
     <span class='ocr_line' id='line_1_23' title="bbox 151 1681 1846 1756; baseline 0.004 -21"><span class='ocrx_word' id='word_1_124' title='bbox 151 1684 432 1751; x_wconf 78' lang='grc' dir='ltr'><em>γνώριμον</em></span> <span class='ocrx_word' id='word_1_125' title='bbox 481 1681 677 1736; x_wconf 78' lang='grc' dir='ltr'><em>ἑαυτὸν</em></span> <span class='ocrx_word' id='word_1_126' title='bbox 721 1692 833 1745; x_wconf 89' lang='grc' dir='ltr'><em>τοῖς</em></span> <span class='ocrx_word' id='word_1_127' title='bbox 874 1683 1153 1753; x_wconf 78' lang='grc' dir='ltr'><em>ἀδελφοῖς,</em></span> <span class='ocrx_word' id='word_1_128' title='bbox 1192 1684 1283 1737; x_wconf 85' lang='grc' dir='ltr'><em>καὶ</em></span> <span class='ocrx_word' id='word_1_129' title='bbox 1329 1690 1470 1754; x_wconf 90' lang='grc' dir='ltr'><em>φησί</em></span> <span class='ocrx_word' id='word_1_130' title='bbox 1504 1689 1688 1756; x_wconf 81' lang='grc'>&lt;161&gt;</span> <span class='ocrx_word' id='word_1_131' title='bbox 1728 1689 1846 1756; x_wconf 54' lang='grc' dir='ltr'><em>ςτῆς</em></span> 
     </span>
     <span class='ocr_line' id='line_1_24' title="bbox 151 1768 1845 1846; baseline 0.005 -24"><span class='ocrx_word' id='word_1_132' title='bbox 151 1768 251 1838; x_wconf 73' lang='grc' dir='ltr'><em>μὲν</em></span> <span class='ocrx_word' id='word_1_133' title='bbox 277 1770 467 1840; x_wconf 82' lang='grc' dir='ltr'><em>ἀρετῆς</em></span> <span class='ocrx_word' id='word_1_134' title='bbox 499 1771 638 1840; x_wconf 81' lang='grc' dir='ltr'><em>ὑμᾶς</em></span> <span class='ocrx_word' id='word_1_135' title='bbox 668 1770 759 1824; x_wconf 85' lang='grc' dir='ltr'><em>καὶ</em></span> <span class='ocrx_word' id='word_1_136' title='bbox 792 1779 884 1839; x_wconf 81' lang='grc' dir='ltr'><em>τῆς</em></span> <span class='ocrx_word' id='word_1_137' title='bbox 909 1773 1128 1835; x_wconf 87' lang='grc' dir='ltr'><em>εὐνοίας</em></span> <span class='ocrx_word' id='word_1_138' title='bbox 1167 1781 1261 1840; x_wconf 80' lang='grc' dir='ltr'><em>τῆς</em></span> <span class='ocrx_word' id='word_1_139' title='bbox 1300 1773 1424 1843; x_wconf 86' lang='grc' dir='ltr'><em>περὶ</em></span> <span class='ocrx_word' id='word_1_140' title='bbox 1465 1778 1559 1828; x_wconf 91' lang='grc' dir='ltr'><em>τὸν</em></span> <span class='ocrx_word' id='word_1_141' title='bbox 1600 1776 1845 1846; x_wconf 88' lang='grc' dir='ltr'><em>ἀδελφὸν</em></span> 
     </span>
     <span class='ocr_line' id='line_1_25' title="bbox 150 1858 1846 1929; baseline 0.004 -18"><span class='ocrx_word' id='word_1_142' title='bbox 150 1860 305 1928; x_wconf 79' lang='grc' dir='ltr'><em>ἡμῶν</em></span> <span class='ocrx_word' id='word_1_143' title='bbox 361 1859 598 1927; x_wconf 83' lang='grc' dir='ltr'><em>ἐπαινῶ,</em></span> <span class='ocrx_word' id='word_1_144' title='bbox 652 1858 742 1912; x_wconf 82' lang='grc' dir='ltr'><em>καὶ</em></span> <span class='ocrx_word' id='word_1_145' title='bbox 789 1863 1100 1928; x_wconf 89' lang='grc' dir='ltr'><em>κρείττονας</em></span> <span class='ocrx_word' id='word_1_146' title='bbox 1148 1861 1179 1928; x_wconf 81' lang='grc' dir='ltr'>ἢ</span> <span class='ocrx_word' id='word_1_147' title='bbox 1227 1863 1584 1929; x_wconf 88' lang='grc' dir='ltr'><em>προσεδόκων</em></span> <span class='ocrx_word' id='word_1_148' title='bbox 1638 1863 1697 1916; x_wconf 82' lang='grc' dir='ltr'><em>ἐκ</em></span> <span class='ocrx_word' id='word_1_149' title='bbox 1736 1874 1846 1918; x_wconf 92' lang='grc' dir='ltr'><em>τῶν</em></span> 
     </span>
     <span class='ocr_line' id='line_1_26' title="bbox 150 1945 1848 2020; baseline 0.003 -20"><span class='ocrx_word' id='word_1_150' title='bbox 150 1947 274 2017; x_wconf 84' lang='grc' dir='ltr'><em>περὶ</em></span> <span class='ocrx_word' id='word_1_151' title='bbox 299 1945 390 2016; x_wconf 79' lang='grc' dir='ltr'><em>ἐμὲ</em></span> <span class='ocrx_word' id='word_1_152' title='bbox 424 1946 878 2016; x_wconf 79' lang='grc' dir='ltr'><em>βεβουλευμένων</em></span> <span class='ocrx_word' id='word_1_153' title='bbox 911 1948 1167 2017; x_wconf 86' lang='grc' dir='ltr'><em>εὑρίσκω,</em></span> <span class='ocrx_word' id='word_1_154' title='bbox 1207 1956 1375 2001; x_wconf 86' lang='grc' dir='ltr'><em>ταῦτα</em></span> <span class='ocrx_word' id='word_1_155' title='bbox 1406 1951 1584 2002; x_wconf 86' lang='grc' dir='ltr'><em>πάντα</em></span> <span class='ocrx_word' id='word_1_156' title='bbox 1615 1955 1848 2020; x_wconf 83' lang='grc' dir='ltr'><em>ποιήσας</em></span> 
     </span>
     <span class='ocr_line' id='line_1_27' title="bbox 151 2035 1848 2111; baseline 0.003 -22"><span class='ocrx_word' id='word_1_157' title='bbox 151 2036 239 2090; x_wconf 84' lang='grc' dir='ltr'><em>ἐπὶ</em></span> <span class='ocrx_word' id='word_1_158' title='bbox 263 2039 424 2108; x_wconf 81' lang='grc' dir='ltr'><em>πείρα</em></span> <span class='ocrx_word' id='word_1_159' title='bbox 458 2043 551 2103; x_wconf 81' lang='grc' dir='ltr'><em>τῆς</em></span> <span class='ocrx_word' id='word_1_160' title='bbox 582 2035 842 2106; x_wconf 83' lang='grc' dir='ltr'><em>ὑμετέρας</em></span> <span class='ocrx_word' id='word_1_161' title='bbox 874 2039 1252 2106; x_wconf 86' lang='grc' dir='ltr'><em>φιλαδελφίας.</em></span> <span class='ocrx_word' id='word_1_162' title='bbox 1332 2039 1398 2090; x_wconf 88' lang='grc' dir='ltr'><em>οὐ</em></span> <span class='ocrx_word' id='word_1_163' title='bbox 1431 2041 1596 2108; x_wconf 87' lang='grc' dir='ltr'><em>φύσει</em></span> <span class='ocrx_word' id='word_1_164' title='bbox 1630 2038 1689 2093; x_wconf 73' lang='grc' dir='ltr'><em>δὲ</em></span> <span class='ocrx_word' id='word_1_165' title='bbox 1722 2040 1848 2111; x_wconf 82' lang='grc' dir='ltr'><em>περὶ</em></span> 
     </span>
     <span class='ocr_line' id='line_1_28' title="bbox 151 2123 1846 2197; baseline 0.003 -19"><span class='ocrx_word' id='word_1_166' title='bbox 151 2123 244 2194; x_wconf 74' lang='grc' dir='ltr'><em>ἐμὲ</em></span> <span class='ocrx_word' id='word_1_167' title='bbox 274 2128 475 2194; x_wconf 81' lang='grc' dir='ltr'><em>νομίζω</em></span> <span class='ocrx_word' id='word_1_168' title='bbox 508 2128 786 2195; x_wconf 89' lang='grc' dir='ltr'><em>πονηροὺς</em></span> <span class='ocrx_word' id='word_1_169' title='bbox 818 2125 1123 2194; x_wconf 85' lang='grc' dir='ltr'><em>γεγονέναι,</em></span> <span class='ocrx_word' id='word_1_170' title='bbox 1163 2133 1301 2179; x_wconf 87' lang='grc' dir='ltr'><em>θεοῦ</em></span> <span class='ocrx_word' id='word_1_171' title='bbox 1344 2124 1405 2179; x_wconf 74' lang='grc' dir='ltr'><em>δὲ</em></span> <span class='ocrx_word' id='word_1_172' title='bbox 1445 2132 1706 2197; x_wconf 76' lang='grc' dir='ltr'><em>βουλήσει</em></span> <span class='ocrx_word' id='word_1_173' title='bbox 1745 2133 1846 2197; x_wconf 88' lang='grc' dir='ltr'><em>τήν</em></span> 
     </span>
     <span class='ocr_line' id='line_1_29' title="bbox 152 2213 1845 2283; baseline 0.002 -17"><span class='ocrx_word' id='word_1_174' title='bbox 152 2234 206 2266; x_wconf 91' lang='grc' dir='ltr'><em>τε</em></span> <span class='ocrx_word' id='word_1_175' title='bbox 246 2222 351 2267; x_wconf 83' lang='grc' dir='ltr'><em>νῦν</em></span> <span class='ocrx_word' id='word_1_176' title='bbox 397 2213 922 2283; x_wconf 88' lang='grc' dir='ltr'><em>πραγματευομένου</em></span> <span class='ocrx_word' id='word_1_177' title='bbox 971 2225 1079 2267; x_wconf 92' lang='grc' dir='ltr'><em>τῶν</em></span> <span class='ocrx_word' id='word_1_178' title='bbox 1128 2215 1357 2282; x_wconf 86' lang='grc' dir='ltr'><em>ἀγαθῶν</em></span> <span class='ocrx_word' id='word_1_179' title='bbox 1406 2215 1714 2270; x_wconf 89' lang='grc' dir='ltr'><em>ἀπόλαυσιν</em></span> <span class='ocrx_word' id='word_1_180' title='bbox 1754 2218 1845 2270; x_wconf 82' lang='grc' dir='ltr'><em>καὶ</em></span> 
     </span>
     <span class='ocr_line' id='line_1_30' title="bbox 151 2301 1846 2375; baseline 0.002 -21"><span class='ocrx_word' id='word_1_181' title='bbox 151 2303 251 2369; x_wconf 87' lang='grc' dir='ltr'><em>τὴν</em></span> <span class='ocrx_word' id='word_1_182' title='bbox 300 2301 353 2364; x_wconf 84' lang='grc' dir='ltr'><em>ἐς</em></span> <span class='ocrx_word' id='word_1_183' title='bbox 397 2302 657 2372; x_wconf 82' lang='grc' dir='ltr'><em>ὕστερον,</em></span> <span class='ocrx_word' id='word_1_184' title='bbox 705 2302 774 2354; x_wconf 78' lang='grc' dir='ltr'><em>ἂν</em></span> <span class='ocrx_word' id='word_1_185' title='bbox 821 2303 1052 2371; x_wconf 82' lang='grc' dir='ltr'><em>εὐμενὴς</em></span> <span class='ocrx_word' id='word_1_186' title='bbox 1091 2304 1222 2371; x_wconf 80' lang='grc' dir='ltr'><em>ἡμῖν</em></span> <span class='ocrx_word' id='word_1_187' title='bbox 1262 2307 1586 2374; x_wconf 78' lang='grc' dir='ltr'><em>παραμείνῃ.</em></span> <span class='ocrx_word' id='word_1_188' title='bbox 1663 2307 1846 2375; x_wconf 82' lang='grc'>&lt;162&gt;</span> 
     </span>
     <span class='ocr_line' id='line_1_31' title="bbox 152 2386 1844 2463; baseline 0.002 -21"><span class='ocrx_word' id='word_1_189' title='bbox 152 2393 354 2459; x_wconf 89' lang='grc' dir='ltr'><em>πατρός</em></span> <span class='ocrx_word' id='word_1_190' title='bbox 408 2387 453 2442; x_wconf 78' lang='grc' dir='ltr'><em>τ’</em></span> <span class='ocrx_word' id='word_1_191' title='bbox 516 2386 618 2443; x_wconf 79' lang='grc' dir='ltr'><em>οὖν</em></span> <span class='ocrx_word' id='word_1_192' title='bbox 674 2394 949 2460; x_wconf 88' lang='grc' dir='ltr'><em>σωτηρίαν</em></span> <span class='ocrx_word' id='word_1_193' title='bbox 1006 2391 1256 2458; x_wconf 83' lang='grc' dir='ltr'><em>ἐγνωκὼς</em></span> <span class='ocrx_word' id='word_1_194' title='bbox 1311 2392 1412 2444; x_wconf 85' lang='grc' dir='ltr'><em>οὐκ</em></span> <span class='ocrx_word' id='word_1_195' title='bbox 1468 2392 1844 2463; x_wconf 82' lang='grc' dir='ltr'><em>ἐλπισθεῖσαν,</em></span> 
     </span>
     <span class='ocr_line' id='line_1_32' title="bbox 151 2476 1845 2550; baseline 0.003 -20"><span class='ocrx_word' id='word_1_196' title='bbox 151 2476 240 2530; x_wconf 85' lang='grc' dir='ltr'><em>καὶ</em></span> <span class='ocrx_word' id='word_1_197' title='bbox 281 2478 564 2540; x_wconf 86' lang='grc' dir='ltr'><em>τοιούτους</em></span> <span class='ocrx_word' id='word_1_198' title='bbox 602 2478 742 2546; x_wconf 82' lang='grc' dir='ltr'><em>ὑμᾶς</em></span> <span class='ocrx_word' id='word_1_199' title='bbox 782 2479 928 2548; x_wconf 88' lang='grc' dir='ltr'><em>ὁρῶν</em></span> <span class='ocrx_word' id='word_1_200' title='bbox 967 2478 1092 2548; x_wconf 82' lang='grc' dir='ltr'><em>περὶ</em></span> <span class='ocrx_word' id='word_1_201' title='bbox 1143 2482 1239 2532; x_wconf 92' lang='grc' dir='ltr'><em>τὸν</em></span> <span class='ocrx_word' id='word_1_202' title='bbox 1280 2479 1549 2550; x_wconf 87' lang='grc' dir='ltr'><em>ἀδελφόν,</em></span> <span class='ocrx_word' id='word_1_203' title='bbox 1598 2480 1717 2534; x_wconf 78' lang='grc' dir='ltr'><em>οὐδ’</em></span> <span class='ocrx_word' id='word_1_204' title='bbox 1767 2478 1845 2536; x_wconf 77' lang='grc' dir='ltr'><em>ὧν</em></span> 
     </span>
     <span class='ocr_line' id='line_1_33' title="bbox 151 2563 1842 2638; baseline 0.002 -20"><span class='ocrx_word' id='word_1_205' title='bbox 151 2567 228 2629; x_wconf 82' lang='grc' dir='ltr'><em>εἰς</em></span> <span class='ocrx_word' id='word_1_206' title='bbox 267 2563 359 2635; x_wconf 76' lang='grc' dir='ltr'><em>ἐμὲ</em></span> <span class='ocrx_word' id='word_1_207' title='bbox 399 2567 607 2619; x_wconf 85' lang='grc' dir='ltr'><em>δοκεῖτε</em></span> <span class='ocrx_word' id='word_1_208' title='bbox 648 2565 907 2636; x_wconf 82' lang='grc' dir='ltr'><em>ἁμαρτεῖν</em></span> <span class='ocrx_word' id='word_1_209' title='bbox 947 2570 1025 2619; x_wconf 80' lang='grc' dir='ltr'><em>ἔτι</em></span> <span class='ocrx_word' id='word_1_210' title='bbox 1064 2569 1421 2636; x_wconf 88' lang='grc' dir='ltr'><em>μνημονεύω,</em></span> <span class='ocrx_word' id='word_1_211' title='bbox 1461 2571 1739 2638; x_wconf 87' lang='grc' dir='ltr'><em>παύσομαι</em></span> <span class='ocrx_word' id='word_1_212' title='bbox 1781 2568 1842 2622; x_wconf 75' lang='grc' dir='ltr'><em>δὲ</em></span> 
     </span>
     <span class='ocr_line' id='line_1_34' title="bbox 151 2651 1843 2726; baseline 0.003 -20"><span class='ocrx_word' id='word_1_213' title='bbox 151 2661 244 2722; x_wconf 84' lang='grc' dir='ltr'><em>τῆς</em></span> <span class='ocrx_word' id='word_1_214' title='bbox 292 2651 373 2706; x_wconf 80' lang='grc' dir='ltr'><em>ἐπ’</em></span> <span class='ocrx_word' id='word_1_215' title='bbox 428 2654 612 2716; x_wconf 87' lang='grc' dir='ltr'><em>αὐτοῖς</em></span> <span class='ocrx_word' id='word_1_216' title='bbox 658 2659 1080 2726; x_wconf 86' lang='grc' dir='ltr'><em>μισοπονηρίας,</em></span> <span class='ocrx_word' id='word_1_217' title='bbox 1130 2655 1221 2708; x_wconf 86' lang='grc' dir='ltr'><em>καὶ</em></span> <span class='ocrx_word' id='word_1_218' title='bbox 1269 2657 1340 2718; x_wconf 85' lang='grc' dir='ltr'><em>ὡς</em></span> <span class='ocrx_word' id='word_1_219' title='bbox 1392 2661 1692 2720; x_wconf 89' lang='grc' dir='ltr'><em>συναιτίοις</em></span> <span class='ocrx_word' id='word_1_220' title='bbox 1731 2668 1843 2711; x_wconf 91' lang='grc' dir='ltr'><em>τῶν</em></span> 
     </span>
     <span class='ocr_line' id='line_1_35' title="bbox 152 2741 1842 2815; baseline 0.003 -21"><span class='ocrx_word' id='word_1_221' title='bbox 152 2750 223 2813; x_wconf 76' lang='grc' dir='ltr'><em>τῷ</em></span> <span class='ocrx_word' id='word_1_222' title='bbox 277 2748 392 2814; x_wconf 76' lang='grc' dir='ltr'><em>θεῷ</em></span> <span class='ocrx_word' id='word_1_223' title='bbox 447 2741 901 2811; x_wconf 85' lang='grc' dir='ltr'><em>βεβουλευμένων</em></span> <span class='ocrx_word' id='word_1_224' title='bbox 956 2745 1033 2807; x_wconf 87' lang='grc' dir='ltr'><em>είς</em></span> <span class='ocrx_word' id='word_1_225' title='bbox 1085 2745 1149 2796; x_wconf 81' lang='grc' dir='ltr'><em>τὰ</em></span> <span class='ocrx_word' id='word_1_226' title='bbox 1195 2747 1439 2813; x_wconf 90' lang='grc' dir='ltr'><em>παρόντα</em></span> <span class='ocrx_word' id='word_1_227' title='bbox 1487 2746 1647 2815; x_wconf 89' lang='grc' dir='ltr'><em>χάριν</em></span> <span class='ocrx_word' id='word_1_228' title='bbox 1695 2748 1842 2815; x_wconf 75' lang='grc' dir='ltr'><em>ἔχειν</em></span> 
     </span>
     <span class='ocr_line' id='line_1_36' title="bbox 151 2830 1840 2903; baseline 0.002 -20"><span class='ocrx_word' id='word_1_229' title='bbox 151 2830 429 2898; x_wconf 86' lang='grc' dir='ltr'><em>ὁμολογῶ,</em></span> <span class='ocrx_word' id='word_1_230' title='bbox 474 2831 654 2899; x_wconf 80' lang='grc'>&lt;163&gt;</span> <span class='ocrx_word' id='word_1_231' title='bbox 692 2832 832 2899; x_wconf 83' lang='grc' dir='ltr'><em>ὑμᾶς</em></span> <span class='ocrx_word' id='word_1_232' title='bbox 882 2852 936 2885; x_wconf 91' lang='grc' dir='ltr'><em>τε</em></span> <span class='ocrx_word' id='word_1_233' title='bbox 976 2833 1246 2901; x_wconf 88' lang='grc' dir='ltr'><em>βούλομαι</em></span> <span class='ocrx_word' id='word_1_234' title='bbox 1287 2832 1376 2886; x_wconf 87' lang='grc' dir='ltr'><em>καὶ</em></span> <span class='ocrx_word' id='word_1_235' title='bbox 1417 2833 1619 2897; x_wconf 83' lang='grc' dir='ltr'><em>αὐτοὺς</em></span> <span class='ocrx_word' id='word_1_236' title='bbox 1657 2837 1840 2903; x_wconf 89' lang='grc' dir='ltr'><em>λήθην</em></span> 
     </span>
    </p>

    <p class='ocr_par' dir='ltr' id='par_1_9' title="bbox 271 2931 907 2984">
     <span class='ocr_line' id='line_1_37' title="bbox 271 2931 907 2984; baseline 0.003 -10"><span class='ocrx_word' id='word_1_237' title='bbox 271 2936 294 2984; x_wconf 67' lang='grc' dir='ltr'><em>ς,</em></span> <span class='ocrx_word' id='word_1_238' title='bbox 326 2936 411 2975; x_wconf 84' lang='lat'><em>158</em></span> <span class='ocrx_word' id='word_1_239' title='bbox 437 2953 492 2967; x_wconf 90' lang='lat'><strong><em>=</em></strong></span> <span class='ocrx_word' id='word_1_240' title='bbox 518 2931 629 2976; x_wconf 80' lang='lat' dir='ltr'>Gen.</span> <span class='ocrx_word' id='word_1_241' title='bbox 663 2931 806 2975; x_wconf 81' lang='lat' dir='ltr'><strong>XLIV</strong></span> <span class='ocrx_word' id='word_1_242' title='bbox 839 2937 907 2976; x_wconf 85' lang='lat'><em>33.</em></span> 
     </span>
    </p>
   </div>
  </div>
 </body>
</html>
