2052 3141
82 1025 123 1057 10

83 1467 123 1498 15

83 1909 126 1940 20

83 2350 126 2381 25

86 2804 129 2836 30

863 81 1126 121 HEMHTH
1729 79 1838 131 279

151 217 336 285 λαβὼν
375 223 555 283 παρῆν
588 216 665 277 εἰς
696 217 756 268 τὸ
791 213 850 266 ἐν
883 215 1189 282 Γαλγάλοις
1229 215 1614 284 στρατόπεδον.
1694 214 1839 281 <63>

149 313 248 357 τοῦ
296 301 356 356 δὲ
402 301 527 371 περὶ
573 310 666 370 τῆς
697 300 970 371 Ἑβραίων
1020 301 1211 370 ἀρετῆς
1259 304 1428 369 λόγου
1467 305 1677 354 πολλοῦ
1717 322 1840 370 φοι-

149 403 351 461 τῶντος
375 393 452 453 είς
483 393 611 453 τοὺς
642 394 972 460 περιοίκους,
1010 389 1337 458 κατάπληξις
1369 386 1476 459 εἶχε
1510 392 1638 452 τοὺς
1678 389 1840 442 ἀκού-

150 500 312 543 οντας
357 482 417 533 τὸ
457 489 567 532 τῶν
607 478 974 531 ἀπολωλότων
1012 483 1258 546 πλῆθος,
1314 477 1405 530 καὶ
1445 479 1840 548 στρατεύουσιν

151 566 232 620 ἐπ’
279 567 480 630 αὐτοὺς
530 568 588 621 οὗ
628 565 752 636 περὶ
793 570 1044 635 Λίβανον
1092 568 1220 636 ὄρος
1258 569 1500 634 βασιλεῖς
1539 569 1692 629 ὄντες
1733 570 1841 618 Χα-

148 666 398 725 ναναῖοι,
446 654 535 707 καὶ
584 656 640 708 οἱῗ
685 654 743 707 ἐν
791 663 905 716 τοῖς
943 656 1154 716 πεδιόις
1200 663 1309 706 τῶν
1352 657 1682 706 Χαναναίων
1723 659 1840 706 Πα-

150 747 463 806 λαιστινοὺς
523 746 931 813 προσλαβόντες
995 744 1489 813 στρατοπεδεύουσι
1551 745 1686 812 πρὸς
1731 747 1840 811 Βη-

150 835 307 902 ρώθῃ
369 834 525 884 πόλει
589 840 682 899 τῆς
744 834 1041 893 Γαλιλαίας
1102 840 1194 899 τῆς
1255 833 1403 899 ἄνω,
1466 830 1712 900 Κεδέσης
1774 832 1840 884 οὐ

148 924 358 989 πόρρω·
400 922 712 972 Γαλιλαίων
754 918 802 972 δ’
844 919 956 972 ἐστὶ
989 918 1079 972 καὶ
1111 929 1271 972 τοῦτο
1311 922 1372 972 τὸ
1413 924 1631 988 χωρίον.
1696 921 1840 986 <64>

149 1016 247 1061 τοῦ
301 1005 361 1061 δὲ
414 1016 649 1077 στρατοῦ
700 1010 903 1069 παντὸς
953 1008 1193 1060 ὁπλιτῶν
1245 1004 1344 1075 μὲν
1392 1004 1533 1075 ἦσαν
1580 1008 1842 1078 μυριάδες

150 1097 461 1167 τριάκοντα)
494 1097 682 1164 μύριοι
709 1094 756 1148 ὅ,
795 1097 956 1164 ἶππῆς
988 1094 1078 1148 καὶ
1113 1097 1325 1165 ἅρματα
1359 1097 1634 1165 δισμύρια.
1683 1091 2019 1176 καταχ-χ,,.--ι-ν““””

148 1188 368 1254 πλήττει
409 1186 476 1253 δὴ
518 1186 577 1237 τὸ
610 1189 823 1252 πλῆθος
862 1194 972 1237 τῶν
1011 1187 1288 1253 πολεμίων
1329 1184 1497 1236 αὐτόν
1536 1204 1590 1236 τε
1626 1182 1842 1252 Ἰησοῦν

148 1272 239 1326 καὶ
279 1276 408 1335 τοὺς
442 1271 805 1341 Ἰσραηλίτας,
851 1272 941 1324 καὶ
981 1275 1116 1341 πρὸς
1154 1274 1255 1340 τὴν
1297 1272 1491 1325 ἐλπίδα
1529 1281 1628 1326 τοῦ
1668 1276 1842 1340 κρείτ-

149 1381 309 1423 τονος
359 1360 761 1431 εὐλαβεστέρως
815 1357 964 1430 εἶχον
1022 1357 1093 1412 δι’
1147 1360 1462 1430 ὑπερβολὴν
1517 1370 1621 1435 τοῦ
1667 1360 1840 1423 δέους.

148 1451 291 1518 <6ὗ>
344 1458 442 1502 τοῦ
495 1454 635 1502 θεοῦ
693 1448 741 1501 δ’
803 1448 1235 1512 ἐξονειδίσαντος
1283 1449 1468 1510 αὐτοῖς
1514 1451 1610 1501 τὸν
1661 1452 1841 1518 φόβον

148 1537 238 1591 καὶ
277 1540 334 1590 τί
359 1535 528 1589 πλέον
560 1544 653 1604 τῆς
691 1534 817 1606 παρ’
858 1537 1029 1590 αὐτοῦ
1069 1539 1332 1605 βοηθείας
1370 1542 1667 1606 ποθοῦσιν,
1707 1538 1844 1591 ὑπο-

150 1624 421 1696 σχομένου
473 1645 527 1677 τε
580 1628 827 1693 νικήσειν
878 1627 1005 1686 τοὺς
1058 1624 1294 1694 ἐχθροὺς
1340 1623 1430 1676 καὶ
1480 1626 1842 1688 κελεύσαντος

149 1717 276 1778 τούς
314 1712 373 1767 θ’
420 1715 618 1776 ἵππους
651 1714 955 1783 ἀχρήστους
993 1722 1216 1781 ποιῆσαι
1256 1711 1347 1766 καὶ
1386 1715 1450 1766 τὰ
1490 1715 1702 1782 ἅρματα
1741 1732 1843 1766 πυ-

150 1814 342 1873 ρῶσαι,
381 1802 688 1872 θαρραλέος
719 1804 855 1871 πρὸς
884 1803 980 1864 τὰς
1010 1801 1330 1871 ὑποσχέσεις
1368 1810 1466 1854 τοῦ
1505 1808 1646 1856 θεοῦ
1686 1806 1843 1870 γενό-

150 1913 312 1961 μενος
365 1890 674 1960 ἐξώρμησεν
728 1889 815 1943 ἐπὶ
865 1893 994 1952 τοὺς
1045 1894 1371 1959 πολεμιόυς,
1427 1892 1570 1959 <66>
1611 1889 1702 1943 καὶ
1751 1892 1842 1943 διὰ

148 1979 391 2050 πέμπτης
429 1979 630 2049 ἡμέρας
670 1977 750 2032 ἐπ’
798 1980 998 2042 αὐτοὺς
1039 1978 1222 2032 ἐλθὼν
1264 1979 1545 2047 συνάπτει,
1584 1977 1674 2031 καὶ
1712 1999 1842 2049 καρ-

148 2071 277 2139 τερὰ
316 2069 456 2138 μάχη
499 2071 733 2137 γίνεται,
780 2067 869 2120 καὶ
909 2071 1082 2137 φόνος
1126 2071 1386 2137 κρείττων
1425 2071 1656 2129 πίστεως
1694 2070 1841 2137 παρὰ

149 2168 263 2220 τοῖς
293 2155 678 2227 ἀκροωμένοις.
736 2158 953 2209 διώκων
988 2154 1036 2208 δ’
1077 2155 1163 2208 ἐπὶ
1195 2161 1451 2209 πλεῖστον
1493 2155 1710 2225 ἐξῆλθε,
1750 2155 1841 2208 καὶ

149 2254 259 2299 πᾶν
292 2248 357 2298 ’τὸ
400 2246 706 2314 στράτευμα
755 2255 866 2298 τῶν
908 2245 1125 2314 ἐχθρῶν
1165 2247 1308 2313 πλὴν
1350 2245 1553 2311 ὀλίγων
1595 2243 1842 2313 διέφθει-

152 2353 261 2403 ρεν.
339 2332 428 2386 καὶ
469 2334 526 2386 οἱ
560 2337 801 2401 βασιλεῖς
850 2334 1048 2396 πάντες
1089 2336 1315 2402 ἔπεσον,
1371 2333 1512 2400 <67>
1555 2333 1690 2385 ὥστε
1731 2342 1842 2385 τῶν

151 2422 465 2490 ἀνθρώπων
499 2420 924 2474 ἐπιλελοιπότων
963 2423 1099 2490 πρὸς
1136 2424 1196 2474 τὸ
1238 2424 1551 2473 κτείνεσθαι
1589 2423 1718 2483 τοὺς
1755 2422 1842 2473 ἴπ-

150 2528 287 2572 πους
320 2508 531 2578 Ἰησοῦς
571 2510 753 2562 αὐτῶν
793 2508 985 2580 ἀνῄρει
1033 2509 1122 2562 καὶ
1162 2511 1227 2561 τὰ
1267 2511 1478 2579 ἅρματα
1520 2509 1841 2578 ἐνεπίμπρη,

151 2601 252 2666 τήν
302 2617 357 2650 τε
410 2599 593 2667 χώραν
646 2595 726 2650 ἐπ’
775 2597 958 2660 ἀδείας
1007 2599 1384 2666 διεπορεύετο,
1435 2599 1670 2666 μηδενὸς
1719 2601 1843 2651 τολ-

153 2696 364 2754 μῶντος
403 2689 480 2748 εἰς
513 2686 691 2755 μάχην
732 2686 1066 2754 ἐπεξελθεῖν,
1106 2686 1243 2738 ἀλλά
1283 2689 1572 2757 πολιορκία
1611 2687 1705 2748 τὰς
1743 2690 1844 2740 πό-

154 2779 263 2836 λεις
303 2775 474 2843 αἱρῶν
514 2773 605 2826 καὶ
642 2783 751 2826 πᾶν
793 2775 821 2826 ὅ
862 2795 912 2826 τι
953 2775 1113 2843 λάβοι
1152 2776 1423 2843 φονεύων.

272 2881 295 2928 5
331 2880 384 2918 62
414 2897 468 2911 =
493 2875 579 2919 Ios.
613 2875 677 2918 XI
712 2881 749 2918 1.
