2052 3141
840 49 1118 90 AETTEPA
1759 47 1788 97 7
1798 47 1826 98 7

138 182 229 236 καὶ
276 183 438 244 αὐτὸς
492 182 570 234 ὢν
615 190 726 234 τῶν
769 179 1030 250 Ἰακώβου
1076 183 1323 249 παίδων,
1373 182 1646 251 ἐμπόρους
1695 183 1831 234 ἰδὼν

123 270 362 341 ’Ἀραβας
411 277 510 323 τοῦ
554 268 910 338 Ἰσμαηλιτῶν
962 268 1157 337 γένους
1216 270 1473 338 ἀρώματα
1527 268 1617 322 καὶ
1670 271 1830 338 Σύρα

137 362 336 429 φορτία
374 361 692 427 κομίζοντας
723 360 1049 425 Αἰγυπτίοις
1090 358 1148 410 ἐκ
1187 366 1281 426 τῆς
1315 360 1656 427 Γαλαδηνῆς,
1697 359 1830 426 μετὰ

136 435 621 517 τὴνάναχώρησιν
653 448 754 515 τὴν
786 445 1088 515 Ῥουβήλου
1120 456 1234 509 τοῖς
1267 446 1526 516 ἀδελφοῖς
1566 448 1831 515 συνεβού-

88 550 112 582 5
140 540 334 588 λευσεν
404 535 701 603 ἀνιμήσασι
778 537 875 588 τὸν
933 533 1198 603 Ἰώσηπον
1268 535 1647 603 ἀπεμπολῆσαι
1717 543 1832 597 τοῖς

129 622 384 693 Ἄραψιν·
417 624 562 690 <33>
595 622 808 675 ἐκεῖνόν
839 642 895 674 τε
929 624 1032 690 γὰρ
1067 623 1149 675 ὅτι
1173 624 1504 691 πορρωτάτω
1530 627 1831 692 γενόμενον

138 711 227 764 καὶ
267 711 636 780 τεθνήξεσθαι
668 712 814 779 παρὰ
853 720 965 772 τοῖς
1005 710 1198 777 ξένοις,
1240 711 1440 774 αὐτούς
1476 732 1532 764 τε
1572 720 1671 765 τοῦ
1711 712 1832 780 μιά-

139 814 339 868 σματος
372 799 547 860 οὕτως
579 798 1081 866 ἀπαλλαγήσεσθαι.
1161 798 1327 862 δόξαν
1362 796 1465 852 οὖν
1497 809 1679 869 τοῦτο,
1718 809 1833 862 τοῖς

139 887 397 956 ἐμπόροις
451 886 810 940 ἀποδίδονται
865 889 961 939 τὸν
1007 885 1274 954 Ἰώσηπον
1329 887 1727 951 ἀνελκύσαντες
1776 888 1834 941 ἐκ

70 990 114 1021 10
138 985 236 1029 τοῦ
277 976 481 1028 λάκκου
522 985 675 1043 μνῶν
707 981 935 1043 εἴκοσιν,
976 973 1332 1027 ἑπτακαίδεκα
1374 976 1509 1029 ἐτῶν
1550 980 1832 1044 γεγονότα.

136 1065 280 1133 <34>
327 1063 620 1132 Ῥούβηλος
671 1060 731 1116 δὲ
785 1065 1000 1133 νύκτωρ
1066 1063 1153 1115 ἐπὶ
1210 1066 1306 1117 τὸν
1369 1065 1572 1118 λάκκον
1631 1065 1833 1134 ἐλθών,

138 1163 310 1205 σῶσαι
359 1155 488 1214 τοὺς
543 1151 819 1221 ἀδελφοὺς
875 1154 1067 1204 λαθὼν
1121 1155 1219 1205 τὸν
1264 1151 1531 1221 Ἰώσηπον
1583 1153 1832 1221 ἐγνώκει·

136 1239 228 1293 καὶ
269 1242 341 1303 ὡς
381 1240 809 1316 ἀνακαλουμένῳ
844 1243 915 1309 μὴ
949 1242 1247 1309 ὑπήκουσε,
1288 1244 1470 1304 δείσας
1511 1244 1583 1310 μὴ
1625 1243 1835 1312 ἐφθάρ-

139 1343 301 1381 κασιν
342 1329 511 1381 αὐτὸν
545 1330 676 1397 μετὰ
709 1331 810 1397 τὴν
844 1328 1194 1398 ἀναχώρησιν
1235 1330 1425 1398 αὐτοῦ,
1464 1330 1832 1400 κατεμέμφετο

75 1431 116 1463 15
140 1420 268 1479 τοὺς
307 1416 596 1485 ἀδελφούς.
672 1427 782 1469 τῶν
824 1415 883 1469 δὲ
923 1420 983 1469 τὸ
1024 1415 1273 1486 πραχθὲν
1314 1419 1458 1489 αὐτῷ
1501 1421 1833 1487 φρασάντων

137 1507 367 1558 παύεται
407 1514 506 1558 τοῦ
545 1504 788 1568 πένθους
820 1504 1127 1574 Ῥούβηλος.

250 1594 394 1661 <35>
428 1594 500 1656 ὡς
535 1591 595 1645 δὲ
626 1603 796 1646 ταῦτα
828 1593 951 1662 περὶ
990 1597 1087 1647 τὸν
1122 1593 1388 1664 Ἰώσηπον
1428 1605 1542 1658 τοῖς
1574 1596 1835 1666 ἀδελφοῖς

140 1681 470 1750 ἐπέπρακτο,
521 1685 577 1733 τί
617 1685 943 1750 ποιήσαντες
991 1682 1060 1735 ἂν
1107 1683 1207 1746 ἔξω
1255 1692 1348 1751 τῆς
1385 1684 1651 1747 ὑπονοίας
1689 1686 1836 1755 παρὰ

139 1777 212 1841 τῷ
254 1769 416 1839 πατρὶ
464 1776 753 1838 γενηθεῖεν
796 1771 1035 1839 ἐζήτουν.
1114 1771 1202 1824 καὶ
1245 1774 1311 1840 δὴ
1353 1775 1449 1825 τὸν
1489 1777 1836 1842 χιτωνίσκον,

76 1872 119 1904 20
144 1857 208 1910 ὃν
248 1858 444 1927 ἀφῖκτο
492 1856 593 1927 μὲν
639 1862 775 1927 πρὸς
823 1860 1023 1922 αὐτοὺς
1070 1861 1098 1913 ὁ
1147 1858 1406 1929 Ἰώσηπος
1454 1861 1837 1930 ἐνδεδυμένος,

137 1949 539 2016 περιῃρήκεσαν
587 1945 637 1999 δ’
685 1947 855 2000 αὐτὸν
905 1948 992 2000 ὅτε
1042 1952 1311 2001 καθίεσαν
1358 1951 1436 2011 εἰς
1474 1952 1571 2002 τὸν
1613 1951 1836 2018 λάκκον,

139 2034 325 2098 ἔδοξεν
373 2036 558 2097 αὐτοῖς
609 2036 1046 2105 διασπαράξασιν
1097 2039 1281 2105 αἵματι
1333 2039 1550 2107 τράγων
1599 2043 1835 2107 μολῦναι

139 2121 229 2175 καὶ
282 2131 356 2194 τῷ
411 2122 573 2191 πατρὶ
629 2123 801 2187 δεῖξαι
856 2123 1156 2194 φέροντας,
1212 2125 1284 2187 ὡς
1342 2125 1410 2177 ἂν
1464 2126 1571 2179 ὑπὸ
1618 2131 1835 2196 θηρίων

141 2211 285 2281 αὐτῷ
321 2214 518 2279 φανείη
554 2211 977 2281 διεφθαρμένος.
1056 2214 1201 2281 <36>
1241 2213 1331 2266 καὶ
1369 2223 1531 2267 τοῦτο
1572 2219 1835 2283 ποιήσαν-

75 2313 118 2344 25
141 2319 226 2362 τες
264 2296 401 2367 ἧκον
440 2302 576 2369 πρὸς
613 2303 710 2353 τὸν
750 2303 1065 2371 πρεσβύτην
1115 2305 1221 2370 ἤδη
1261 2313 1371 2355 τῶν
1410 2302 1534 2372 περὶ
1573 2305 1670 2355 τὸν
1709 2304 1836 2356 υἱὸν

143 2390 220 2450 είς
266 2396 475 2455 γνῶσιν
530 2386 871 2458 ἀφιγμένον,
925 2392 1116 2457 ἔλεγον
1169 2389 1229 2443 δὲ
1284 2393 1381 2443 τὸν
1428 2388 1527 2459 μὲν
1570 2390 1836 2459 Ἰώσηπον

144 2473 262 2529 οὔτ’
326 2477 467 2528 ἰδεῖν
524 2474 652 2528 οὔθ’
712 2472 746 2547 ᾗ
805 2476 1059 2548 κέχρηται
1122 2487 1382 2550 συμφορᾷ
1443 2478 1837 2548 μεμαθηκέναι,

143 2574 348 2634 χιτῶνα
382 2561 441 2616 δὲ
473 2572 671 2617 τοῦτον
707 2566 892 2635 εὑρεῖν
932 2565 1252 2636 ᾑμαγμένον
1290 2566 1380 2619 καὶ
1420 2566 1835 2636 λελακισμένον·

145 2652 281 2704 ὅθεν
314 2652 500 2713 αὐτοῖς
530 2652 801 2706 ὑπόνοιαν
835 2651 978 2707 εἶναι
1009 2658 1373 2725 περιπεσόντα
1402 2660 1625 2725 θηρίοις
1665 2656 1834 2710 αὐτὸν

78 2754 121 2785 30
145 2739 506 2808 ἀπολωλέναι,
546 2746 684 2808 εἴγε
719 2751 917 2795 τοῦτον
952 2743 1315 2812 ἐνδεδυμένος
1355 2749 1580 2797 οἴκοθεν
1621 2743 1834 2813 ἐστάλη.

265 2846 288 2894 g
321 2846 375 2884 32
403 2864 458 2876 =
484 2840 594 2884 Gen.
629 2842 844 2885 XXXVII
877 2848 945 2887 25.
1012 2882 1022 2890 ,
