2052 3141
216 109 322 162 192
825 111 1278 152 ΑΡΧΑΙοΛοΓΙΑΣ

215 249 360 297 λυσε.
430 246 502 313 μὴ
543 247 716 312 μόνον
757 241 818 296 δὲ
857 243 980 314 περὶ
1020 245 1113 306 τὰς
1155 245 1463 313 ἱερουργίας
1502 248 1783 314 καθαροὺς
1822 241 1898 298 εἷ-

214 353 325 400 ναι,
366 332 692 395 σπουδάζειν
733 329 793 384 δὲ
833 331 923 384 καὶ
962 330 1085 401 περὶ
1125 333 1224 400 τὴν
1264 332 1445 384 αὐτῶν
1487 334 1727 401 δίαιταν,
1761 331 1889 385 ὥστ’

215 420 386 488 αὐτὴν
442 421 720 488 ἄμεμπτον
775 416 931 472 εἶναι.
1011 421 1189 487 <279>
1244 419 1334 472 καὶ
1386 421 1476 472 διὰ
1531 421 1734 488 ταύτην
1795 422 1895 489 τὴν

216 511 395 560 αἰτίαν
444 509 500 560 οἱ
542 510 642 576 τὴν
685 509 960 578 ἱερατικὴν
1009 509 1208 576 στολὴν
1248 517 1550 578 φοροῦντες
1589 510 1808 576 ἄμωμοί
1842 506 1902 561 τέ

217 598 321 648 εἰσι
361 595 450 648 καὶ
490 595 613 666 περὶ
652 597 827 649 πάντα
866 595 1104 665 καθαροὶ
1144 595 1234 648 καὶ
1273 596 1560 664 νηφάλιοι,
1599 599 1780 649 πίνειν
1822 592 1899 649 οἷ-
1923 611 1943 643 5

216 705 318 738 νον
373 685 471 747 ἕως
526 685 593 737 ἂν
648 687 747 753 τὴν
803 687 1003 753 στολὴν
1052 687 1214 754 ἔχωσι
1262 682 1645 752 κεκωλυμένοι.
1723 686 1800 736 ἔτι
1841 681 1902 736 δὲ

217 772 307 825 καὶ
338 774 403 825 τὰ
437 775 604 842 ἱερεῖα
635 774 877 826 θύουσιν
911 773 1184 841 ὁλόκληρα
1221 771 1312 824 καὶ
1351 773 1485 824 κατὰ
1525 769 1696 840 μηδὲν
1737 776 1902 824 λελω-

217 860 441 930 βημένα.

330 950 510 1016 <280>
551 958 719 1002 ταῦτα
758 946 858 1017 μὲν
911 944 1012 1001 οὖν
1053 950 1156 1016 ἤδη
1199 946 1288 999 καὶ
1329 949 1462 999 κατὰ
1501 950 1596 1000 τὸν
1636 955 1728 1015 τῆς
1769 950 1902 1015 ζωῆς

219 1041 422 1107 χρόνον
473 1045 566 1105 τῆς
621 1038 789 1090 αὐτοῦ
838 1039 1106 1104 γενόμενα
1152 1039 1399 1103 ΝΙωυσῆς
1445 1035 1745 1103 παρέδωκε·
1794 1045 1902 1088 τῶν
1929 1052 1969 1082 10

222 1125 269 1178 δ’
311 1121 475 1187 αὖθις
507 1129 698 1194 καίπερ
733 1124 818 1177 ἐπὶ
850 1134 944 1193 τῆς
977 1124 1200 1193 ἐρημίας
1240 1126 1593 1191 διαιτώμενος
1632 1127 1904 1192 προυνόη-

222 1229 336 1282 σεν,
377 1215 521 1275 ὅπως
554 1214 775 1266 ἐπειδὰν
808 1215 907 1281 τὴν
935 1217 1252 1265 Χαναναίαν
1285 1213 1493 1280 λάβωσι
1525 1213 1651 1264 τάδε
1692 1221 1902 1264 ποιῶσι.

223 1303 402 1370 <281>
446 1300 516 1354 δι’
558 1300 794 1370 ἑβδόμου
836 1304 989 1363 ε’τους
1029 1303 1217 1353 ἄνεσιν
1259 1302 1453 1352 δίδωσι
1495 1308 1556 1368 τῇ
1599 1308 1663 1368 γῇ
1707 1299 1811 1352 ἀπό
1850 1297 1897 1352 τ’

221 1390 458 1459 ἀρότρου
507 1389 595 1442 καὶ
643 1393 899 1459 φυτείας,
956 1391 1134 1457 ὥσπερ
1184 1387 1272 1441 καὶ
1321 1389 1504 1450 αὐτοῖς
1554 1386 1624 1440 δι’
1673 1386 1907 1456 ἑβδόμης

221 1477 422 1547 ἡμέρας
460 1480 561 1547 τὴν
603 1478 706 1531 ἀπὸ
755 1488 862 1530 τῶν
903 1481 1079 1546 ε”ργων
1119 1487 1378 1544 προεῖπεν
1419 1476 1740 1528 ἀνάπαυσιν.
1818 1474 1906 1528 καὶ
1934 1491 1972 1522 15

223 1576 332 1618 τῶν
366 1567 680 1635 αὐτομάτως
714 1565 1106 1619 ἀναδοθέντων
1140 1565 1244 1617 ἀπὸ
1278 1573 1370 1632 τῆς
1406 1573 1501 1631 γῆς
1533 1566 1724 1632 κοινὴν
1765 1561 1906 1616 εἶναι

223 1665 335 1716 τοῖς
385 1654 615 1707 θέλουσι
662 1656 761 1723 τὴν
810 1663 1031 1724 χρῆσιν,
1080 1664 1188 1706 τῶν
1227 1650 1284 1705 θ’
1333 1653 1631 1720 ὁμοφύλων
1672 1651 1759 1704 καὶ
1800 1662 1907 1704 τῶν

227 1742 698 1811 ἀλλοτριοχώρων,
739 1740 910 1810 μηδὲν
953 1742 1005 1805 ἐξ
1047 1743 1228 1794 αὐτῶν
1267 1742 1653 1809 φυλάττοντας.
1730 1749 1908 1793 ποιεῖν

229 1828 288 1883 δὲ
343 1830 431 1883 καὶ
487 1840 646 1884 τοῦτο
703 1828 828 1898 μεθ’
885 1829 1126 1898 ἑβδόμην
1175 1829 1308 1881 ε’τῶν
1358 1827 1649 1897 ἑβδομάδα.
1729 1830 1908 1895 <282>

227 1929 393 1972 ταῦτα
426 1922 763 1987 πεντήκοντα
796 1918 894 1987 μέν
929 1919 1076 1971 ἐστιν
1110 1921 1197 1985 ἔτη
1231 1919 1294 1969 τὰ
1334 1918 1528 1978 πάντα,
1569 1921 1805 1969 καλεῖται
1850 1914 1908 1968 δὲ
1935 1931 1976 1961 ΞΟ

227 2005 322 2076 ὑφ’
369 2006 639 2075 Ἑβραίων
692 2007 719 2059 ὁ
768 2009 1129 2074 πεντηκοστὸς
1177 2005 1422 2066 ἐνιαυτὸς
1472 2006 1722 2072 ἰώβηλος·
1767 2003 1825 2056 ἐν
1866 1999 1907 2075 ᾧ

230 2097 373 2147 οἵτε
422 2105 685 2164 χρεῶσται
735 2105 843 2147 τῶν
893 2097 1127 2147 δανείων
1177 2093 1508 2145 ἀπολύονται
1561 2091 1649 2144 καὶ
1691 2093 1747 2145 οἵ
1784 2094 1910 2144 δου-

229 2185 480 2245 λεύοντες
513 2184 797 2252 ἐλεύθεροι
831 2183 1100 2251 ἀφίενται,
1141 2182 1236 2243 οὓς
1276 2183 1436 2242 ’ὄντας
1476 2181 1790 2248 ὁμοφύλους
1822 2178 1909 2231 καὶ

229 2272 577 2340 παραβάντας
617 2293 665 2324 τι
707 2283 814 2324 τῶν
857 2274 1102 2338 νομίμων
1143 2277 1214 2340 τῷ
1258 2271 1487 2337 σχήματι
1529 2277 1619 2335 τῆς
1660 2270 1912 2328 δουλείας

231 2359 474 2427 ε’κόλασε,
505 2360 750 2412 θάνατον
786 2359 885 2411 οὐκ
919 2357 1321 2427 ἐκδεχομείνους.
1401 2356 1580 2422 <283>
1607 2354 1908 2407 ἀποδίδωσι
1936 2370 1976 2400 25

231 2446 289 2500 δὲ
346 2447 434 2500 καὶ
490 2451 615 2510 τοὺς
671 2448 873 2516 ἀγροὺς
930 2457 1040 2509 τοῖς
1094 2446 1338 2514 ἀρχῆθεν
1393 2444 1572 2495 αὐτῶν
1625 2445 1909 2503 δεσπόταις

229 2545 425 2589 τοῦτον
451 2539 545 2589 τὸν
573 2539 790 2604 τρόπον.
855 2535 1142 2596 ἐνστάντος
1167 2542 1263 2586 τοῦ
1291 2535 1530 2600 ἰωβήλου
1565 2530 1910 2599 ςὲλευθερίαν

233 2621 290 2676 δὲ
332 2628 583 2693 σημαίνει
623 2624 887 2692 τοῦνομα)
931 2622 1286 2691 συνέρχονται
1329 2621 1356 2671 ὅ
1391 2617 1433 2671 τ’
1474 2619 1812 2685 ἀποδόμενος
1852 2619 1910 2668 τὸ

233 2716 437 2781 χωρίον
478 2711 565 2764 καὶ
607 2713 634 2765 ὁ
675 2713 996 2780 πριάμενος,
1049 2711 1228 2777 <⁶284>
1269 2707 1353 2760 καὶ
1399 2707 1745 2774 λογισάμενοι
1787 2707 1912 2766 τοὺς

234 2803 474 2867 καρποὺς
514 2799 601 2852 καὶ
654 2802 745 2862 τὰς
793 2802 869 2862 εἰς
909 2802 967 2851 τὸ
1009 2801 1210 2868 χωρίον
1252 2796 1494 2857 δαπάνας
1536 2791 1911 2861 γεγενημένας,
1936 2808 1978 2838 50
2047 2821 2049 2827 ι

354 2905 377 2952 ς’
411 2905 494 2943 279
524 2922 577 2935 =
604 2899 748 2943 Lovit.
785 2899 822 2941 X
857 2906 895 2943 9.
1021 2906 1041 2951 ς’
1076 2904 1160 2941 280
1189 2920 1241 2934 =
1268 2895 1411 2939 Levit.
1450 2894 1575 2937 XXV
1612 2899 1646 2938 1.
