2052 3141
912 30 1094 71 ΤΡΙΤΗ
1743 29 1848 82 199

165 163 327 233 αὐτῆς
365 164 752 232 εὐδαιμονίαν,
808 163 985 230 <314>
1025 162 1311 225 ἀνεστίους
1359 160 1420 215 δὲ
1466 166 1718 232 ποιήσειν
1758 164 1848 218 καὶ

163 250 425 314 ἀπόλιδας
465 250 552 304 ἐπὶ
591 258 685 319 τῆς
726 250 948 319 ἐρημίας
996 249 1076 303 ἐπ’
1125 253 1214 319 ε”τη
1256 252 1650 320 τετταράκοντα
1689 273 1850 305 κατα-

163 343 389 409 βιῶναι,
450 347 545 408 τῆς
597 343 939 408 παρανομίας
991 341 1193 408 ποινὴν
1255 341 1457 409 ταύτην
1521 340 1847 405 ἐκτίνοντας.

164 427 342 481 (παισὶ
375 427 558 496 μέντοι
589 438 702 490 τοῖς
726 427 1007 497 ἡμετέροις
1039 429 1389 497 παραδώσειν
1430 430 1528 497 τὴν
1568 437 1672 498 γῆν
1714 430 1848 484 ἐκεί-

118 544 139 578 5
161 536 265 584 νην
298 515 579 586 ὑπέσχετο,
617 515 904 579 κάκείνους
935 527 1044 569 τῶν
1079 516 1327 584 ἀγαθῶν,
1368 512 1444 569 ὧν
1479 516 1706 581 ἑαυτοὺς
1744 517 1840 572 ὑπ’

159 603 421 673 ἀκρασίας
461 605 804 674 ἐφθονήσατε
847 615 1160 675 μετασχεῖν,
1200 608 1452 674 ποιήσειν
1494 607 1792 671 δεσπόταςῖ

268 694 449 761 <315>
482 702 650 747 ταῦτα
684 691 743 746 δὲ
774 693 1049 756 *Μωυσέος
1080 695 1214 746 κατὰ
1247 695 1346 762 τὴν
1386 703 1485 748 τοῦ
1524 701 1664 748 θεοῦ
1706 699 1846 764 γνώ-

155 801 263 849 μην
313 781 731 851 διαλεχθέντος,
787 781 847 835 ἐν
895 784 1037 852 λύπῃ
1086 781 1175 834 καὶ
1225 792 1482 855 συμφορᾷ
1529 786 1588 837 τὸ
1630 789 1845 853 πλῆθος

155 867 399 937 ἐγένετο,
438 868 528 922 καὶ
568 872 663 923 τὸν
703 873 958 938 ιἎωυσῆν
998 872 1290 939 παρεκάλει
1331 875 1706 942 καταλλακτην
1746 874 1844 927 αὐ-

86 983 128 1015 10
152 967 262 1010 τῶν
310 956 570 1025 γενέσθαι
617 961 754 1028 πρὸς
801 962 897 1012 τὸν
944 962 1081 1012 θεὸν
1129 959 1218 1012 καὶ
1270 969 1362 1028 τῆς
1402 962 1536 1029 ἄλης
1575 970 1669 1030 τῆς
1709 965 1843 1016 κατὰ

150 1047 251 1114 τὴν
290 1045 520 1115 ἐρημίαν
561 1046 942 1112 ἀπαλλάξαντα
983 1051 1168 1111 πόλεις
1207 1049 1392 1110 αὐτοῖς
1431 1060 1748 1120 παρασχεῖν.
1814 1052 1842 1105 ὃ

152 1132 199 1186 δ’
234 1134 334 1187 οὐκ
367 1137 567 1205 ἔφασκε
601 1138 696 1189 τὸν
727 1138 866 1190 θεὸν
898 1138 1158 1205 τοιαύτην
1197 1147 1392 1206 πεῖραν
1432 1141 1842 1207 προσήσεσθαι·

150 1223 221 1291 μὴ
263 1224 366 1293 γὰρ
408 1225 541 1276 κατὰ
574 1228 884 1294 κουφότητα
917 1231 1266 1295 προαχθῆναι
1306 1229 1402 1279 τὸν
1441 1230 1580 1281 θεὸν
1622 1228 1843 1298 ἀνθρω-

148 1314 316 1379 πίνην
364 1314 440 1374 εἰς
494 1314 594 1381 τὴν
642 1313 813 1382 ὀργὴν
861 1315 960 1382 τὴν
1008 1316 1143 1383 πρὸς
1194 1315 1426 1382 αὐτούς,
1475 1315 1612 1368 ἀλλὰ
1652 1319 1841 1389 γνώμῃ

82 1423 123 1456 15
148 1401 671 1469 καταψηφισάμενον
705 1402 902 1454 αὐτῶν.
982 1403 1162 1470 <316>
1198 1403 1264 1456 οὐ
1300 1404 1387 1456 δεῖ
1418 1401 1466 1456 δ’
1506 1404 1753 1458 ἀπιστεῖν
1794 1409 1845 1459 εἰ

145 1492 412 1557 Μωυσῆς,
452 1482 529 1552 εἷς
562 1489 700 1559 ἀνὴρ
735 1491 831 1557 ὤν,
871 1492 1136 1554 τοσαύτας
1177 1493 1447 1561 μυριάδας
1489 1493 1842 1563 ὀργιζομένας

147 1577 381 1645 ἐπράυνε
416 1577 505 1630 καὶ
538 1581 841 1646 μετήγαγεν
875 1581 951 1642 είς
983 1582 1041 1632 τὸ
1082 1580 1450 1650 ἡμερώτερον·
1494 1582 1521 1635 ὁ
1564 1584 1668 1652 γὰρ
1709 1586 1842 1647 θεὸς

146 1666 291 1737 αὐτῷ
328 1669 627 1736 συμπαρὼν
660 1667 927 1735 ἡττᾶσθαι
960 1677 1073 1730 τοῖς
1105 1672 1290 1737 λόγοις
1322 1670 1493 1723 αὐτοῦ
1526 1673 1585 1724 τὸ
1627 1676 1841 1740 πλῆθος

144 1757 534 1824 παρεσκεύαζε,
582 1754 672 1808 καὶ
718 1757 979 1819 πολλάκις
1025 1759 1470 1825 παρακούσαντες
1511 1759 1838 1829 ἀσύμφορον

77 1865 121 1898 20
145 1842 331 1905 αὑτοῖς
384 1845 484 1912 τὴν
541 1843 829 1897 ἀπείθειαν
886 1844 1204 1914 ἐπέγνωσαν
1255 1846 1381 1912 [ἀπὸ
1430 1855 1528 1900 τοῦ
1578 1857 1838 1921 συμφορᾷ

142 1935 497 2002 περιπεσεῖν].

255 2022 435 2088 <317>
491 2024 809 2090 θαυμαστὸς
872 2019 932 2074 δὲ
995 2030 1088 2091 τῆς
1143 2022 1336 2091 ἀρετῆς
1391 2023 1556 2094 ἁνήρ,
1608 2024 1698 2078 καὶ
1745 2035 1839 2096 τῆς

146 2110 334 2178 ἰσχύος
366 2116 459 2176 τῆς
500 2109 557 2162 ἐκ
589 2118 687 2163 τοῦ
718 2112 1078 2163 πιστεύεσθαι
1111 2110 1234 2181 περὶ
1277 2107 1353 2164 ὧν
1394 2118 1556 2181 εἴποι,
1598 2114 1664 2166 οὐ
1703 2113 1831 2185 παρ’

145 2197 210 2249 ὃν
244 2199 329 2265 ε”ζη
364 2201 568 2267 χρόνον
600 2198 803 2268 ὑπῆρξε
845 2202 1039 2267 μόνον,
1080 2199 1217 2252 ἀλλὰ
1257 2199 1346 2252 καὶ
1386 2209 1491 2254 νῦν
1533 2201 1702 2254 ἐστίν·
1746 2204 1839 2256 οὐ-

77 2304 120 2337 25
145 2284 258 2348 δεὶς
296 2294 436 2354 γοῦν
467 2284 738 2356 Ἑβραίων
779 2287 837 2349 ὃς
877 2288 1026 2358 οὐχί,
1065 2289 1315 2358 καθάπερ
1356 2293 1627 2358 παρόντος
1667 2291 1838 2345 αὐτοῦ

143 2373 233 2450 noc}
273 2374 605 2437 κολάσοντος
646 2375 741 2427 ἐὰν
775 2375 1006 2445 ἀκοσμῇ,
1046 2382 1339 2446 πειθαρχεῖ
1374 2388 1487 2440 τοῖς
1526 2376 1617 2430 ὑπ’
1665 2380 1836 2434 αὐτοῦ

142 2468 591 2532 νομοθετηθεῖσι,
624 2463 726 2515 κᾶν
760 2468 957 2517 λαθεῖν
994 2466 1239 2533 δύνηται.
1319 2467 1497 2533 <318>
1530 2465 1619 2519 καὶ
1659 2470 1836 2521 πολλὰ

143 2548 243 2619 μὲν
282 2549 372 2604 καὶ
405 2552 543 2604 ἄλλα
575 2553 835 2621 τεκμήρια
867 2560 960 2620 τῆς
1000 2550 1138 2622 ὑπὲρ
1180 2555 1483 2622 ἄνθρωπον
1525 2555 1696 2609 αὐτοῦ
1739 2558 1835 2609 δυ-

141 2640 354 2707 νάμεως
395 2639 564 2692 ἐστίν·
612 2641 717 2708 ἤδη
768 2638 834 2692 δέ
876 2660 1018 2702 τινες
1056 2639 1146 2693 καὶ
1186 2651 1295 2694 τῶν
1336 2639 1472 2711 ὑπὲρ
1517 2644 1834 2714 Εὐφράτην,

73 2745 118 2777 30
142 2737 332 2796 μηνῶν
380 2728 514 2782 ὁδὸν
560 2728 832 2798 τεττάρων
881 2728 1139 2792 ἐλθόντες
1186 2731 1320 2782 κατὰ
1360 2733 1522 2800 τιμὴν
1562 2741 1660 2786 τοῦ
1700 2731 1828 2804 παρ’

260 2833 284 2881 ξ
319 2832 406 2872 314
431 2851 486 2864 =
512 2828 649 2873 Num.
682 2829 790 2874 XIV
823 2835 892 2874 33.
