2052 3141
863 53 1043 93 TPITH
1694 51 1795 103 191

111 187 303 254 νόησε,
358 186 564 253 νόμους
617 181 676 236 δὲ
727 183 913 246 αὐτοῖς
963 186 1248 247 τοιούτους
1298 188 1473 239 ἔθετο.
1551 189 1799 256 μοιχείαν
1820 185 1888 237 12

111 270 211 341 μὲν
251 274 328 335 εἰς
364 273 426 325 τὸ
457 268 716 334 παντελὲς
748 271 959 341 ἀπεῖπε,
998 276 1227 342 νομίσας
1267 275 1534 343 εὔδαιμον
1573 277 1633 328 τὸ
1674 274 1799 344 περὶ

109 363 239 423 τοὺς
270 360 478 429 γάμους
507 360 779 428 ὑγιαίνειν
811 363 939 423 τοὺς
971 363 1195 432 ἄνδρας,
1235 361 1324 414 καὶ
1356 373 1472 425 ταῖς
1510 383 1565 416 τε
1605 366 1797 417 πόλεσι

108 447 200 501 καὶ
246 458 358 511 τοῖς
405 454 576 511 οἴκοις
617 447 920 518 συμφέρειν
966 451 1026 502 τὸ
1074 453 1202 513 τοὺς
1249 453 1447 514 παῖδας
1488 449 1628 505 εἶναι
1668 473 1798 521 γνη-

64 542 276 599 5σίους.
338 535 428 590 καὶ
478 539 539 590 τὸ
594 540 888 605 μίσγεσθαι
942 535 1002 590 δὲ
1049 539 1318 608 μητράσιν
1367 540 1440 602 ὡς
1487 542 1658 593 κακὸν
1706 539 1796 609 μέ-

107 640 297 693 γιστον
338 626 366 679 ὁ
406 629 576 694 νόμος
622 625 864 678 ἀπεῖπεν.
943 627 1144 695 ὁμοίως
1191 625 1251 679 δὲ
1297 627 1388 680 καὶ
1426 631 1628 698 πατρὸς
1667 643 1796 682 συν-

106 723 249 766 εῖναι
311 722 512 783 γαμετῇ
576 713 666 766 καὶ
728 717 914 782 τηθίσι
969 714 1059 766 καὶ
1121 715 1383 785 ἀδελφαῖς
1436 715 1526 769 καὶ
1580 719 1795 770 παίδων

105 802 383 870 γυναιξίν,
439 803 510 864 ὡς
559 804 798 871 ἔκφυλον
856 805 982 872 ἔχον
1030 805 1129 871 τὴν
1182 804 1434 873 ἀδικίαν,
1483 809 1794 874 μεμίσηκεν.

105 890 285 957 <275>
326 890 564 943 ἐκώλυσε
614 887 673 942 δὲ
720 889 811 942 καὶ
859 890 1080 957 γυναικὶ
1128 891 1467 963 μεμιασμένῃ
1507 903 1620 956 τοῖς
1659 895 1794 946 κατὰ

37 994 79 1026 10
102 978 275 1046 φύσιν
305 979 639 1047 πλησιάζειν,
673 976 808 1047 μηδὲ
840 982 1097 1047 κτήνεσιν
1129 983 1205 1042 εἰς
1240 984 1542 1034 συνουσίαν
1575 990 1794 1050 φοιτᾶν,

103 1063 240 1134 μηδὲ
286 1068 386 1135 τὴν
437 1069 572 1136 πρὸς
617 1068 682 1119 τὰ
730 1068 935 1136 ἄρρενα
984 1068 1132 1136 μῖξιν
1179 1077 1377 1137 τιμᾶν,
1433 1070 1524 1121 διὰ
1563 1071 1663 1138 τὴν
1704 1068 1785 1122 ἐπ’

103 1153 289 1216 αὐτοῖς
343 1155 493 1224 ὥραν
554 1154 765 1223 ἡδονὴν
818 1153 1181 1224 θηρωμένους
1241 1157 1579 1226 παράνομον.
1658 1159 1793 1210 κατὰ

103 1239 163 1295 δὲ
216 1253 327 1296 τῶν
382 1245 460 1305 εἰς
511 1240 661 1296 ταῦτ’
721 1242 1125 1312 ἐξυβρισάντων
1180 1246 1427 1298 θάνατον
1476 1247 1638 1314 ὥρισε
1691 1247 1791 1314 τὴν

99 1334 381 1400 τιμωρίαν.

34 1434 76 1466 15
211 1419 390 1486 (276)
432 1428 541 1471 τῶν
583 1415 631 1471 δ’
680 1417 870 1487 ἱερέων
918 1418 1007 1471 καὶ
1056 1421 1384 1474 διπλασίονα
1423 1423 1523 1489 τὴν
1565 1421 1789 1489 ἁγνείαν
1823 1439 1849 1476 2

101 1507 342 1575 ἐποίησε·
382 1508 593 1560 τούτων
626 1526 681 1558 τε
714 1508 817 1576 γάρ
852 1507 1051 1570 αὐτοὺς
1084 1509 1283 1577 ὁμοίως
1314 1519 1427 1572 τοῖς
1459 1511 1644 1573 ἄλλοις
1683 1517 1791 1580 εἴρ-

99 1615 182 1663 γει
222 1594 312 1648 καὶ
350 1594 574 1666 προσέτι
614 1605 808 1664 γαμεῖν
840 1597 935 1658 τὰς
968 1596 1315 1666 ἡταιρηκυίας
1356 1598 1593 1651 ἐκώλυσε
1637 1602 1790 1668 [μήτε

100 1685 309 1752 δούλην
351 1681 472 1752 μήτ’
512 1684 857 1753 αἰχμάλωτον
890 1695 1085 1753 γαμεῖν
1126 1686 1325 1749 αὐτοὺς
1362 1689 1659 1753 κεκώλυκε]
1700 1686 1790 1740 καὶ

98 1773 193 1834 τὰς
240 1772 300 1825 ἐκ
354 1776 646 1841 καπηλείας
700 1771 790 1825 καὶ
836 1781 935 1826 τοῦ
981 1776 1344 1827 πανδοκεύειν
1389 1775 1790 1845 πεπορισμένας

33 1875 75 1906 20
100 1861 195 1912 τὸν
234 1863 379 1929 βίον,
419 1857 556 1929 μηδὲ
596 1861 690 1923 τὰς
728 1871 839 1914 τῶν
878 1860 1160 1932 προτέρων
1202 1863 1425 1934 ἀνδρῶν
1465 1863 1549 1934 ἐφ’
1598 1865 1788 1934 αἱσδη-

97 1957 304 2001 ποτοῦν
346 1951 542 2012 αἰτίαις
573 1948 1006 2018 ἀπηλλαγμένας.
1086 1952 1267 2019 <277>
1309 1955 1406 2005 τὸν
1448 1950 1496 2005 δ’
1536 1952 1788 2023 ἀρχιερέα

96 2035 283 2104 μέντοι
317 2034 447 2090 οὐδὲ
478 2041 809 2106 τεθνηκότος
842 2038 1045 2109 ἀνδρὸς
1076 2039 1272 2108 ἠξίωσε
1306 2051 1501 2110 γαμεῖν
1533 2051 1787 2110 γυναῖκα,

95 2133 257 2178 τοῦτο
297 2135 410 2189 τοῖς
460 2128 646 2189 ἄλλοις
696 2127 901 2197 ἱερεῦσι
943 2140 1270 2199 συγχωρῶν,
1318 2133 1496 2199 μόνην
1537 2128 1590 2182 δ’
1637 2131 1782 2202 αὐτῷ

97 2210 300 2265 δέδωκε
341 2224 535 2282 γαμεῖν
575 2213 879 2284 παρθένον,
919 2214 1009 2268 καὶ
1048 2219 1251 2286 ταύτην
1290 2219 1606 2287 φυλάττειν·
1648 2219 1785 2271 ὅθεν

30 2314 72 2346 25
98 2296 229 2352 οὐδὲ
284 2309 460 2373 νεκρῷ
515 2306 802 2371 πρόσεισιν
851 2304 879 2357 ὁ
929 2304 1244 2375 ἀρχιερεύς,
1298 2316 1408 2359 τῶν
1462 2311 1670 2360 λοιπῶν
1718 2307 1785 2360 οὐ

94 2387 492 2457 κεκωλυμένων
524 2389 784 2459 ἀδελφοῖς
815 2390 904 2444 καὶ
938 2402 1162 2460 γονεῦσι
1194 2393 1284 2447 καὶ
1314 2394 1469 2447 παισὶ
1507 2405 1621 2457 τοῖς
1661 2393 1784 2447 ἑαυ-

96 2486 207 2530 τῶν
260 2474 545 2547 προσιέναι
601 2486 943 2545 μεταστᾶσιν.
1022 2483 1203 2548 <278>
1261 2481 1480 2551 ἀφελεῖς
1535 2480 1583 2534 δ’
1642 2479 1784 2535 εἶναι

92 2573 274 2618 πᾶσαν
329 2563 604 2634 ἀφέλειαν.
681 2568 777 2619 τὸν
830 2564 890 2619 δὲ
938 2570 1010 2637 μὴ
1067 2570 1371 2640 ὁλόκληρον
1425 2580 1535 2623 τῶν
1591 2569 1782 2640 ἱερέων

92 2651 358 2722 νέμεσθαι
396 2655 532 2722 πρὸς
577 2656 705 2716 τοὺς
759 2656 920 2725 ἱερεῖς
961 2656 1207 2711 ἐκέλευσε
1247 2660 1312 2711 τὰ
1352 2657 1510 2729 γέρα,
1557 2658 1782 2728 ἀναβαί-

24 2753 68 2784 30
91 2760 211 2793 νειν
252 2739 303 2793 δ’
345 2740 432 2794 ἐπὶ
462 2743 561 2794 τὸν
601 2744 791 2811 βωμὸν
824 2743 914 2797 καὶ
954 2745 1182 2799 εἰσιέναι
1222 2749 1299 2810 εἰς
1338 2749 1435 2801 τὸν
1472 2749 1612 2801 ναὸν
1653 2747 1782 2800 ἐκώ-

210 2845 233 2894 ξ
268 2846 352 2885 274
378 2864 433 2878 =
458 2841 604 2886 Levit.
637 2842 722 2886 XX
756 2848 823 2888 10.
