2052 3141
841 109 1105 148 HEMHTH
1711 103 1740 153 3
1754 106 1771 152 1
1786 102 1813 152 1

136 252 196 312 τῇ
236 244 456 312 πατρίδι
488 243 771 309 θάπτεται,
810 241 988 307 <233>
1020 241 1208 302 παῖδες
1242 241 1272 290 δ
1329 235 1470 306 ἦσαν
1504 238 1648 308 αὐτῷ
1691 240 1820 305 γνή-
1847 236 1875 289 7

137 346 244 384 σιοι
292 328 392 400 μὲν
443 328 819 400 ἑβδομήκοντα
871 326 1100 399 (πολλὰς
1148 329 1251 397 γὰρ
1301 330 1463 395 ἔγημε
1512 324 1818 395 γυναῖκας),

135 422 305 481 νόθος
353 416 402 472 δ’
449 412 526 481 εἷς
572 418 631 471 ἐκ
669 422 947 485 παλλακῆς
986 418 1278 486 Δρούμας,
1313 414 1655 484 Ἀβιμέλεχος
1694 415 1820 467 τοῦ-

134 528 303 576 νομα,
349 507 408 570 ὃς
458 508 588 576 μετὰ
639 508 739 575 τὴν
789 515 887 559 τοῦ
927 508 1128 575 πατρὸς
1166 507 1423 573 τελευτὴν
1463 504 1822 573 ἀναχωρήσας

90 609 110 641 5
135 598 212 658 εἰς
250 599 455 664 Σίκιμα
493 598 629 666 πρὸς
660 598 787 657 τοὺς
827 595 930 648 ἀπὸ
973 597 1172 663 μητρὸς
1214 603 1496 661 συγγενεῖς
1535 591 1822 663 (ἐντεῦθεν

134 686 238 754 γὰρ
270 681 365 755 ἦν)
405 683 496 736 καὶ
529 686 714 753 λαβὼν
748 683 1014 752 ἀργύριον
1053 680 1184 751 παρ’
1225 683 1426 748 αὐτῶν,
1468 684 1524 734 οἳ
1561 682 1651 733 διὰ
1691 684 1823 745 πλῆ-

133 779 238 835 θος
277 773 628 842 ἀδικημάτων
668 769 809 840 ἦσαν
844 771 1117 840 ἐπίσημοι,
1158 772 1335 838 <234>
1370 770 1679 839 ἀφικνεῖται
1719 770 1824 820 σὺν

135 862 321 924 αὐτοῖς
360 864 436 923 εἰς
467 863 564 914 τὸν
596 868 853 932 πατρῷον
893 857 1046 913 οἶκον
1087 858 1176 912 καὶ
1217 863 1415 912 κτείνει
1454 859 1659 919 πάντας
1697 858 1826 917 τοὺς

135 950 426 1018 ἀδελφούς,
465 951 609 1017 πλὴν
643 948 977 1017 Ἰωαθάμου·
1021 950 1242 1011 σώζεται
1284 949 1386 1015 γὰρ
1429 943 1588 1007 οὗτος
1629 947 1826 1013 διαφυ-

69 1050 110 1081 10
136 1048 255 1106 γεῖν
288 1038 607 1107 εὐτυχήσας.
673 1034 1018 1106 Ἀβιμέλεχος
1052 1033 1100 1087 δ’
1133 1038 1209 1098 εἰς
1241 1037 1543 1105 τυραννίδα
1567 1036 1630 1086 τὰ
1655 1033 1830 1101 πράγ-

137 1145 278 1195 ματα
325 1130 645 1195 μεθίστησι,
693 1127 888 1194 κύριον
937 1125 1106 1177 αὑτὸν
1155 1125 1183 1177 ὅ
1231 1145 1281 1176 τι
1336 1125 1593 1193 βούλεται
1646 1130 1828 1174 ποιεῖν

135 1213 258 1268 ἀντὶ
308 1224 418 1267 τῶν
470 1218 721 1283 νομίμων
770 1213 1084 1281 ἀποδείξας,
1140 1212 1229 1265 καὶ
1279 1215 1472 1274 δεινῶς
1517 1213 1652 1281 πρὸς
1702 1212 1832 1271 τοὺς

135 1312 234 1357 τοῦ
291 1304 508 1356 δικαίου
563 1300 997 1371 προϊσταμένους
1060 1301 1558 1369 ἐκπικραινόμενος.
1646 1298 1828 1365 <235>

135 1395 230 1445 καί
264 1410 393 1445 ποτε
443 1393 777 1460 δημοτελοῦς
817 1394 1070 1458 Σικίμοις
1121 1391 1290 1458 οὔσης
1330 1388 1547 1458 ἑορτῆς,
1602 1386 1692 1440 καὶ
1731 1394 1829 1438 τοῦ
1862 1399 1886 1436 2

70 1491 112 1524 15
135 1484 388 1549 πλήθους
441 1482 643 1542 παντὸς
699 1479 812 1532 ἐκεῖ
856 1477 1316 1547 συνειλεγμένου,
1372 1478 1609 1546 ἁδελφὸς
1660 1475 1830 1527 αὐτοῦ

131 1566 460 1637 Ἰωάθαμος,
501 1568 565 1621 ὃν
605 1566 695 1620 καὶ
737 1569 1031 1638 διαφυγεῖν
1071 1571 1305 1637 ἔφαμεν,
1347 1566 1602 1619 ἀνελθὼν
1644 1562 1729 1616 ἐπὶ
1769 1564 1829 1614 τὸ

136 1660 264 1727 ὄρος
302 1660 362 1711 τὸ
404 1659 628 1727 Γαριζίν
671 1654 1006 1726 (ὑπέρκειται
1049 1653 1108 1708 δὲ
1148 1665 1242 1725 τῆς
1281 1658 1532 1723 Σικίμων
1572 1649 1830 1720 πόλεως),

136 1746 402 1815 ἐκβοήσας
433 1747 510 1807 εἰς
544 1744 800 1813 ἐπήκοον,
838 1754 938 1798 τοῦ
977 1748 1230 1813 πλήθους
1268 1745 1503 1813 ἡσυχίαν
1544 1742 1688 1813 αὐτῷ
1731 1759 1831 1793 πα-

139 1837 439 1905 ρασχόντος
469 1833 626 1902 ἠξίου
660 1839 862 1902 μαθεῖν
895 1835 959 1885 τὰ
984 1831 1075 1885 ὑπ’
1109 1834 1279 1886 αὐτοῦ
1312 1835 1596 1900 λεγόμενα.
1649 1831 1831 1898 <236>

72 1936 115 1968 20
141 1922 440 1992 γενομένης
466 1919 525 1974 δὲ
552 1930 709 1990 σιγῆς
741 1919 892 1975 εἶπεν
925 1923 997 1984 ὡς
1036 1923 1099 1974 τὰ
1134 1920 1338 1991 δένδρα
1377 1921 1573 1989 φωνὴν
1614 1918 1834 1988 ἀνθρώ-

137 2029 294 2064 πειον
341 2009 665 2082 προϊέμενα,
714 2012 959 2064 συνόδου
1001 2009 1300 2078 γενομένης
1340 2010 1549 2075 αὐτῶν,
1606 2010 1831 2075 δεηθείη

139 2107 308 2168 συκῆς
347 2101 537 2169 ἄρχειν
585 2100 784 2152 αὐτῶν.
863 2098 1244 2168 ἀρνησαμένης
1293 2096 1341 2150 δ’
1391 2098 1601 2165 ἐκείνης
1641 2098 1733 2149 διὰ
1772 2099 1833 2149 τὸ

138 2195 232 2255 τῆς
269 2195 426 2255 τιμῆς
464 2196 558 2256 τῆς
597 2187 684 2240 ἐπὶ
725 2197 838 2250 τοῖς
876 2197 1105 2257 καρποῖς
1146 2189 1347 2248 οἰκείας
1386 2187 1555 2253 οὔσης
1594 2185 1834 2238 ἀπολαύ-

139 2295 242 2343 ειν,
283 2275 383 2344 οὐχ
422 2274 513 2327 ὑπ’
562 2277 746 2328 ἄλλων
787 2275 995 2338 ἔξωθεν
1027 2273 1484 2345 προσγινομένης,
1524 2275 1588 2326 τὰ
1630 2272 1834 2342 δένδρα

73 2376 116 2408 25
139 2371 234 2432 τῆς
274 2361 361 2415 ἐπὶ
400 2365 460 2416 τὸ
495 2364 766 2433 ἄρχεσθαι
798 2365 1097 2432 φροντίδος
1137 2364 1237 2416 οὐκ
1278 2363 1614 2429 ἀπελείπετο,
1656 2361 1835 2414 ἐδόκει

141 2449 190 2504 δ’
239 2451 424 2512 αὐτοῖς
464 2449 684 2523 ἀμπέλω
726 2453 827 2519 τὴν
867 2453 1031 2520 τιμὴν
1071 2461 1397 2521 παρασχεῖν·
1451 2451 1629 2517 <237>
1670 2448 1762 2502 καὶ
1800 2450 1833 2517 ἡ

140 2541 381 2609 ἄμπελος
433 2538 892 2609 χειροτονουμένη
944 2550 1057 2602 τοῖς
1107 2540 1292 2602 αὐτοῖς
1339 2546 1401 2608 τῇ
1456 2546 1594 2607 συκῇ
1635 2552 1836 2608 χρησα-

141 2626 275 2697 μένη
333 2630 519 2695 λόγοις
567 2637 858 2697 παρῃτεῖτο
913 2629 1014 2696 τὴν
1070 2627 1259 2697 ἀρχήν.
1337 2630 1397 2680 τὸ
1451 2624 1500 2679 δ’
1555 2627 1689 2679 αὐτὸ
1743 2625 1836 2679 καὶ

140 2726 250 2769 τῶν
301 2715 500 2768 ἐλαιῶν
548 2714 960 2784 ποιησαμένων,
1009 2716 1215 2786 ῥάμνος
1256 2714 1484 2786 (ἐδεήθη
1525 2716 1629 2785 γὰρ
1671 2715 1837 2782 αὐτῆς

73 2817 117 2849 30
142 2805 278 2857 ὥστε
339 2807 678 2874 παραλαβεῖν
740 2805 841 2872 τὴν
902 2808 1188 2873 βασιλείαν
1249 2805 1314 2856 τὰ
1371 2802 1597 2872 δένδρα·
1654 2803 1834 2869 <238>

261 2909 285 2958 ἓ
318 2910 404 2949 233
431 2927 486 2941 =
510 2904 654 2949 Iudic.
686 2905 795 2948 VIII
826 2910 895 2950 30.
