2052 3141
855 111 1035 151 TPITH
1688 105 1790 157 181

104 248 305 309 θυσιάς
367 247 670 315 σωτηρίους
716 241 1045 312 λεγομένας,
1107 240 1236 295 καθ’
1300 240 1533 310 ἑκάστην
1586 239 1795 312 ἡμέραν

107 337 208 388 δύο
263 354 318 387 τε
371 337 505 403 βοῦς
558 331 648 386 καὶ
701 331 860 385 πέντε
914 333 1103 401 κριοὺς
1155 334 1259 383 σὺν
1315 330 1548 400 ἀρνάσιν
1605 329 1796 391 ἐτείοις

104 421 195 476 καὶ
234 422 460 492 ἐρίφοις.
1218 408 1220 410 ¹

220 507 374 564 οὗτοι
421 507 522 579 μὲν
574 511 641 578 δὴ
688 511 931 562 θύουσιν
981 506 1063 577 ἐφ’
1111 505 1314 577 ἡμέρας
1362 509 1608 573 δώδεκα,
1662 506 1796 558 κατὰ

63 607 287 652 ὅπᾶσαν
332 597 541 669 ἡμέραν
589 591 686 661 εἷς·
738 601 984 665 Μωυσῆς
1032 594 1081 649 δ’
1129 594 1303 649 οὐκέτ’
1353 595 1670 665 ἀναβαίνων
1710 592 1798 647 ἐπὶ

105 690 166 741 τὸ
199 691 436 740 Σιναῖον
469 688 614 756 ὄρος,
655 683 777 738 ἀλλ’
817 687 894 747 είς
933 686 1034 753 τὴν
1068 686 1277 753 σκηνὴν
1317 683 1798 753 εἰσιών,ἀνεμάν-

105 782 246 828 θανε
292 776 438 844 παρὰ
484 783 582 828 τοῦ
630 780 769 826 θεοῦ
817 776 948 843 περί
988 793 1044 825 τε
1085 782 1194 825 τῶν
1234 771 1519 842 πρακτέων
1559 770 1650 825 καὶ
1688 781 1799 824 τῶν

106 867 293 932 νόμων
339 871 433 930 τῆς
480 862 811 930 συντάξεως,
867 863 1045 928 <223>
1087 861 1183 923 οὓς
1229 864 1542 931 κρείττονας
1592 860 1624 928 ἢ
1664 860 1799 912 κατὰ

108 952 337 1004 σύνεσιν
393 950 757 1021 ἀνθρωπίνην
813 951 975 1011 ὄντας
1029 951 1106 1011 εἰς
1157 951 1254 1002 τὸν
1309 950 1521 1002 ἅπαντα
1568 950 1801 1017 βεβαίως

42 1053 84 1085 10
108 1041 281 1092 αἰῶνα
315 1037 518 1108 συνέβη
553 1043 927 1108 φυλαχθῆναι,
969 1038 1183 1106 δωρεὰν
1216 1033 1358 1090 εἶναι
1400 1037 1664 1100 δόξαντας
1702 1043 1801 1088 τοῦ

107 1133 267 1196 θεοῦ,
306 1128 378 1190 ὡς
417 1124 537 1196 μήτ’
585 1126 646 1180 ἐν
685 1128 875 1197 εἰρήνῃ
914 1126 1022 1178 ὑπὸ
1064 1133 1274 1194 τρυφῆς
1314 1123 1433 1194 μήτ’
1483 1125 1542 1177 ἐν
1581 1122 1801 1196 πολέμῳ

108 1214 222 1269 κατ’
271 1215 515 1283 ἀνάγκην
561 1213 852 1285 ζἘβραίους
902 1216 1221 1283 παραβῆναί
1271 1233 1394 1265 τινα
1441 1223 1550 1266 τῶν
1596 1216 1800 1281 νόμων.

110 1304 248 1357 ἀλλὰ
286 1301 411 1372 περὶ
444 1300 544 1371 μὲν
575 1304 786 1356 τούτων
829 1303 1073 1370 παύομαι
1114 1300 1309 1369 λέγων,
1350 1303 1569 1371 γραφὴν
1611 1298 1801 1370 ἑτέραν

109 1392 353 1461 ἠξιωκὼς
408 1397 699 1444 συνθεῖναι
749 1389 873 1460 περὶ
921 1400 1030 1442 τῶν
1084 1392 1294 1458 νόμων·
1358 1391 1536 1457 <224>
1578 1387 1705 1442 νυνὶ
1747 1385 1796 1441 δ’
1829 1387 1861 1437 9

44 1494 86 1526 15
112 1482 315 1548 ὀλίγων
369 1488 538 1532 τινῶν
590 1479 1071 1547 ἐπιμνησθήσομαι
1125 1488 1235 1531 τῶν
1285 1475 1369 1547 ἐφ’
1426 1477 1667 1545 ἁγνείαις
1713 1476 1804 1530 καὶ

113 1569 446 1639 ἱερουργίαις
506 1566 795 1636 κειμένων·
859 1565 949 1619 καὶ
1006 1568 1109 1635 γὰρ
1161 1568 1258 1619 τὸν
1311 1569 1479 1634 λόγον
1536 1587 1628 1635 μοι
1678 1563 1804 1634 περὶ

112 1663 328 1710 θυσιῶν
355 1656 639 1709 ἐνεστάναι
665 1654 988 1724 συμβέβηκε.
1038 1657 1139 1708 δύο
1166 1653 1265 1724 μὲν
1292 1656 1395 1725 γάρ
1423 1657 1564 1708 εἰσιν
1592 1655 1804 1723 ἱερουρ-

112 1749 247 1814 γίαι·
288 1746 499 1798 τούτων
533 1741 583 1796 δ’
616 1744 648 1812 ἣ
683 1740 784 1812 μὲν
815 1743 922 1796 ὑπὸ
956 1753 1065 1796 τῶν
1108 1746 1364 1812 ἰδιωτῶν,
1406 1742 1560 1813 ἑτέρα
1602 1740 1651 1795 δ’
1697 1743 1804 1795 ὑπὸ

111 1842 211 1887 τοῦ
252 1835 430 1902 δήμου
471 1833 900 1900 συντελούμεναι
940 1834 1074 1885 κατὰ
1124 1834 1224 1886 δύο
1268 1836 1515 1900 γίνονται
1554 1835 1805 1901 τρόπους.

46 1934 89 1966 20
115 1923 295 1991 <225>
347 1929 441 1989 τῆς
488 1918 588 1989 μὲν
641 1921 1036 1974 ὁλοκαυτοῦται
1081 1929 1192 1973 πᾶν
1241 1923 1299 1973 τὸ
1343 1924 1661 1989 θυόμενον,
1716 1918 1807 1972 καὶ

115 2012 206 2064 διὰ
245 2018 407 2064 τοῦτο
447 2008 538 2062 καὶ
570 2010 670 2077 τὴν
703 2011 1079 2079 προσηγορίαν
1119 2010 1378 2077 τοιαύτην
1419 2011 1633 2078 ἔλαβεν,
1672 2008 1705 2076 ἢ
1748 2005 1807 2060 δὲ

114 2100 463 2170 χαριστήριός
492 2095 538 2150 τ’
571 2097 684 2150 ε’στι
716 2096 806 2150 καὶ
838 2095 952 2150 κατ’
985 2098 1222 2167 εὐωχίαν
1264 2099 1456 2166 δρᾶται
1496 2106 1605 2150 τῶν
1644 2102 1807 2149 τεθυ-

114 2190 307 2240 κότων.
373 2186 476 2256 ε’ρῶ
519 2182 579 2238 δὲ
611 2184 736 2255 περὶ
776 2193 870 2253 τῆς
908 2183 1188 2254 προτέρας.
1257 2186 1435 2252 <226>
1477 2185 1615 2254 ἀνὴρ
1659 2185 1808 2236 ἰδιώ-

116 2295 210 2343 της
249 2275 564 2327 ὁλοκαυτῶν
603 2274 732 2325 θύει
780 2270 880 2341 μὲν
921 2276 1061 2341 βοῦν
1101 2272 1190 2325 καὶ
1231 2272 1425 2341 ἀρνιόν
1464 2271 1554 2324 καὶ
1594 2275 1809 2342 ἔριφον,

52 2374 94 2406 25
118 2371 287 2416 ταῦτα
341 2359 441 2430 μὲν
490 2359 733 2429 ἐπέτεια,
788 2364 915 2423 τοὺς
963 2358 1022 2413 δὲ
1070 2364 1204 2429 βοῦς
1253 2361 1460 2430 ἐφεῖται
1506 2361 1671 2413 θύειν
1717 2357 1810 2412 καὶ

117 2453 472 2521 προήκοντας.
536 2451 739 2518 ἄρρενα
772 2446 821 2501 δ’
863 2449 1257 2503 ὁλοκαυτοῦται
1289 2451 1353 2501 τὰ
1382 2450 1573 2502 πάντα.
1627 2448 1808 2516 <227>

119 2537 442 2609 σφαγέντων
483 2534 544 2590 δὲ
589 2538 802 2590 τούτων
848 2539 946 2590 τὸν
996 2539 1201 2590 κύκλον
1242 2545 1314 2609 τῷ
1358 2539 1542 2606 αἵματι
1583 2538 1809 2589 δεύουσι

119 2636 218 2681 τοῦ
257 2631 450 2696 βωμοῦ
484 2626 541 2678 οὗ
578 2627 758 2694 ἱερεῖς,
799 2621 912 2678 εἶτα
951 2627 1171 2695 καθαρὰ
1203 2628 1528 2693 ποιήσαντες
1568 2626 1809 2693 διαμελί-

121 2718 291 2784 ζουσι,
331 2713 422 2767 καὶ
460 2713 729 2775 πάσαντες
769 2712 929 2766 ἁλσὶν
978 2712 1063 2765 ἐπὶ
1103 2716 1199 2766 τὸν
1240 2715 1428 2782 βωμὸν
1468 2711 1809 2780 ἀνατιθέασι,

54 2815 97 2847 30
122 2805 318 2873 σχιζῶν
349 2803 454 2871 ἤδη
487 2799 916 2870 πεπληρωμένον
949 2800 1039 2854 καὶ
1070 2803 1242 2870 πυρὸς
1273 2800 1633 2870 φλεγομένου.
1681 2804 1810 2863 τοὺς

240 2907 265 2956 ξ
301 2907 384 2946 222
412 2924 467 2938 =
491 2902 628 2947 Num.
661 2901 747 2945 VH
779 2905 849 2946 89.
973 2907 995 2956 ξ
1030 2906 1117 2946 224-
1142 2923 1197 2936 =
1222 2900 1370 2944 Levib.
1403 2901 1424 2943 I
1457 2907 1496 2946 1.
