2052 3141
820 33 1095 74 ΤΕΤΑΡΓΗ
1691 28 1798 80 209

114 167 242 223 ὥστ’
290 166 420 222 οὐδὲ
465 170 771 237 φθονήσεις
820 187 912 235 μοι
959 173 1052 233 τῆς
1102 164 1389 233 ἀληθείας,
1436 164 1537 232 τὴν
1587 164 1802 216 τούτων

114 259 433 328 ἀχαριστίαν
473 255 810 325 ἐπίπροσθεν
850 253 1098 322 θέμενος.
1176 254 1240 305 τὰ
1281 249 1380 320 μὲν
1422 248 1523 305 οὖν
1562 252 1801 320 πρεσβύ-

113 367 241 416 τερα
271 354 364 414 τῆς
397 345 526 413 ἐμῆς
557 342 820 411 γενέσεως
859 343 1022 404 αὐτὸς
1061 338 1210 394 οἷσθ’
1251 338 1657 408 ἀκριβέστερον,
1697 339 1800 392 οὐκ

114 434 248 503 ἀκοῇ
290 434 505 502 μαθών,
546 434 668 495 ὄψει
709 428 770 483 δὲ
809 428 918 483 τότ’
960 430 1122 491 αὐτὸς
1160 425 1723 497 παρὼνγινομένοις·
1767 427 1800 479 ἃ

69 538 90 570 5
116 524 146 575 δ
157 521 168 540 '
210 521 295 574 ἐπὶ
327 522 559 589 τούτοις,
590 523 781 589 καίπερ
817 518 1165 586 ἐπιστάμενοι
1199 526 1402 586 σαφῶς,
1435 516 1636 578 ἀδίκως
1668 516 1803 568 ὑπο-

114 619 342 677 νοοῦσι,
396 610 607 662 τούτων
662 628 755 676 μοι
810 615 976 675 γενοῦ
1032 606 1250 675 μάρτυς.
1327 606 1471 672 <42>
1521 604 1624 672 ἐγὼ
1677 607 1803 672 βίον

115 699 440 767 ἀπράγμονα
471 697 947 765 καταστησάμενος
979 695 1328 765 ἀνδραγαθίᾳ
1361 690 1460 762 μὲν
1495 692 1592 762 ἐμῇ
1635 701 1699 761 σῆ
1743 689 1803 744 δὲ

114 791 315 856 βουλῇ,
353 785 443 838 καὶ
475 795 673 839 τοῦτον
704 784 1039 852 Ῥαγουήλου
1073 804 1164 852 μοι
1197 791 1295 835 τοῦ
1327 787 1604 850 πενθεροῦ
1644 800 1804 833 κατα-

115 877 395 942 λιπόντος,
444 872 601 943 ἀφεὶς
647 875 747 941 τὴν
796 873 1022 925 ἐκείνων
1074 871 1380 924 ἀπόλαυσιν
1421 880 1529 922 τῶν
1571 868 1803 936 ἀγαθῶν

49 978 91 1009 10
117 962 352 1031 ἐμαυτὸν
393 961 638 1014 ἐπέδωκα
677 970 793 1023 ταῖς
831 958 967 1028 ὑπὲρ
1009 961 1219 1012 τούτων
1260 961 1673 1026 ταλαιπωρίαις,
1714 956 1804 1010 καὶ

114 1054 383 1121 πρότερον
415 1047 516 1119 μὲν
547 1047 683 1118 ὑπὲρ
717 1058 810 1117 τῆς
851 1048 1168 1117 ἐλευθερίας
1209 1047 1392 1099 αὐτῶν
1433 1055 1536 1098 νῦν
1578 1044 1626 1097 δ’
1666 1043 1804 1113 ὑπὲρ

115 1148 210 1208 τῆς
263 1142 531 1208 σωτηρίας
563 1138 855 1207 ’μεγάλους
907 1135 1147 1204 ὑπέστην
1206 1138 1445 1202 πόνους,
1499 1132 1588 1186 καὶ
1643 1131 1806 1185 παντὶ

118 1230 281 1299 δεινῷ
345 1228 551 1295 τούμὸν
613 1225 896 1289 ἀντιτάξας
957 1228 1269 1295 πρόθυμον.
1347 1223 1490 1290 <43>
1541 1230 1646 1274 νῦν
1703 1217 1807 1274 οὖν

118 1315 233 1368 ἐπεὶ
266 1325 594 1385 κακουργεῖν
618 1315 993 1381 ὑποπτεύομαι
1026 1311 1150 1381 παρ’
1185 1311 1457 1381 ἀνδράσιν
1492 1303 1573 1372 οἷς
1606 1309 1664 1362 ἐκ
1696 1318 1807 1362 τῶν

52 1419 93 1450 15
120 1404 265 1472 ἐμῶν
306 1404 561 1472 καμάτων
609 1403 839 1472 ὑπάρχει
880 1404 939 1455 τὸ
980 1411 1275 1470 περιεῖναι,
1317 1402 1536 1461 εἰκότως
1576 1399 1737 1460 αὐτὸς
1778 1397 1806 1451 ὁ

117 1495 177 1545 τὸ
233 1500 343 1561 πῦρ
396 1491 573 1545 ἐκεῖνό
627 1513 720 1560 μοι
774 1493 951 1560 φήνας
1005 1490 1138 1541 κατὰ
1186 1490 1245 1541 τὸ
1294 1492 1529 1539 Σιναῖον
1576 1485 1666 1538 καὶ
1716 1494 1809 1554 τῆς

120 1589 325 1633 σαυτοῦ
357 1588 545 1649 φωνῆς
578 1579 851 1649 ἀκροατὴν
884 1581 1002 1630 τότε
1037 1580 1253 1646 στήσας,
1294 1575 1384 1628 καὶ
1416 1577 1622 1643 θεατὴν
1655 1575 1810 1643 τερά-

118 1689 228 1721 των
269 1669 371 1721 ὄσα
410 1689 503 1737 μοι
542 1667 813 1738 παρέσχεν
855 1668 994 1719 ἰδεῖν
1036 1665 1244 1727 ἐκεῖνος
1285 1665 1312 1718 ὁ
1355 1667 1520 1725 τόπος
1558 1666 1808 1731 ποιήσας,

121 1758 149 1810 ὁ
189 1758 448 1819 κελεύσας
489 1753 568 1808 ἐπ’
616 1757 901 1824 Αἰγύπτου
943 1759 1205 1822 σταλῆναι
1254 1752 1344 1805 καὶ
1384 1755 1483 1820 τὴν
1525 1754 1628 1820 σὴν
1668 1752 1810 1818 γνώ-

53 1860 95 1891 20
120 1866 228 1914 μην
267 1845 481 1906 τούτοις
522 1843 836 1913 ἐμφανίσαι,
879 1844 1021 1910 <44>
1057 1843 1084 1895 ὁ
1125 1843 1225 1909 τὴν
1266 1842 1587 1908 Αἰγυπτίων
1627 1840 1811 1892 εὐδαι-

119 1936 317 2002 μονίαν
366 1935 575 2001 σείσας,
622 1931 712 1984 καὶ
758 1939 851 2000 τῆς
898 1929 988 1983 ὑπ’
1037 1930 1221 1992 αὐτοῖς
1270 1931 1521 1991 δουλείας
1562 1930 1811 1998 δρασμὸν

119 2021 251 2089 ἡμῖν
290 2022 613 2090 παρασχών,
660 2019 751 2073 καὶ
804 2018 1131 2089 μικροτέραν
1174 2018 1307 2086 ἐμοῦ
1347 2019 1447 2085 τὴν
1491 2019 1811 2086 Φαραώθου

119 2110 352 2176 ποιήσας
397 2109 731 2178 ἡγεμονίαν,
780 2109 807 2161 ὁ
857 2116 960 2176 γῆν
1007 2108 1138 2175 ἡμῖν
1187 2105 1413 2173 ἀμαθῶς
1464 2107 1651 2174 ἔχουσι
1702 2115 1812 2158 τῶν

123 2198 270 2250 ὁδῶν
324 2200 554 2265 ποιήσας
616 2200 675 2250 τὸ
733 2195 997 2264 πέλαγος,
1059 2193 1149 2247 καὶ
1204 2195 1304 2261 τὴν
1365 2192 1813 2261 ἀνακεκομμένην

55 2300 98 2332 25
122 2286 402 2338 θάλατταν
442 2295 556 2348 τοῖς
595 2287 916 2352 Αἰγυπτίων
958 2284 1291 2351 ἐπικυμήνας
1333 2279 1605 2350 ὀλέθροις,
1647 2282 1674 2334 ὁ
1717 2303 1814 2349 γυ-

124 2383 281 2442 μνοῖς
313 2370 436 2427 οὖσι
470 2376 569 2443 τὴν
604 2373 656 2436 ἐξ
691 2374 876 2426 ὅπλων
910 2372 1215 2441 ἀσφάλειαν
1247 2370 1625 2439 χαρισάμενος,
1667 2370 1812 2438 <45>

125 2463 152 2515 ὁ
194 2465 456 2531 ποτίμους
494 2462 641 2530 ,ἡμῖν
698 2459 1108 2530 διεφθαρμένας
1161 2459 1335 2526 πηγὰς
1392 2458 1582 2526 ῥεῦσαι
1637 2476 1809 2528 παρα-

125 2550 393 2612 σκευάσας
425 2548 514 2602 καὶ
546 2547 740 2610 τελέως
773 2548 1076 2617 ἀποροῦσιν
1110 2545 1167 2598 ἐκ
1199 2555 1411 2613 πετρῶν
1453 2545 1640 2598 ἐλθεῖν
1680 2547 1813 2614 ἡμῖν

124 2640 294 2691 ποτὸν
334 2638 810 2707 μηχανησάμενος,
851 2638 878 2690 ὁ
920 2646 1028 2688 τῶν
1071 2640 1243 2702 γῆθεν
1285 2633 1696 2703 ἀπορουμένους
1736 2638 1814 2698 εἰς

59 2741 102 2772 30
125 2727 337 2795 τροφὴν
379 2727 653 2788 διασώσας
691 2736 803 2787 τοῖς
843 2724 946 2777 ἀπὸ
987 2723 1279 2790 θαλάττης,
1320 2722 1347 2774 ὀ
1390 2720 1478 2774 καὶ
1520 2721 1605 2774 ἀπ
1649 2723 1814 2793 οὐρα-

126 2822 230 2867 νοῦ
269 2816 480 2884 τροφὴν
518 2812 867 2882 καταπέμψας
907 2813 972 2866 οὐ
1012 2814 1281 2880 πρότερον
1324 2811 1741 2881 ἱστορηθεῖσαν,
1782 2813 1812 2865 ὁ

215 2909 425 2942 ΙοεΕεἮυε.
457 2909 486 2940 1.
1493 2901 1546 2939 14
