2052 3141
830 96 1102 136 TETAPTH
1699 95 1806 147 263

124 233 290 296 θῆναι
336 230 436 296 τὴν
486 235 590 295 γῆν
637 227 726 280 καὶ
777 237 1192 296 κατασκαφῆναι
1231 230 1325 291 τὰς
1364 232 1550 292 πόλεις
1580 228 1671 282 καὶ
1711 232 1807 283 τὸν

123 317 262 368 νεὼν
293 320 768 385 καταπρησθῆναι,
807 314 897 368 καὶ
932 315 1244 385 πραθέντας
1277 318 1564 370 δουλεύειν
1605 317 1808 387 ἀνδρά-

125 417 214 455 σιν
251 402 454 457 οὐδένα
485 402 818 473 ληψομένοις
850 400 1034 457 οἶκτον
1076 403 1163 456 ε’πὶ
1203 415 1320 468 ταῖς
1361 417 1671 477 συμφοραῖς
1711 407 1807 459 αὐ-

122 500 251 558 τῶν,
286 495 646 561 μετανοήσειν
680 491 727 544 δ’
770 492 970 554 αὐτοὺς
1003 491 1089 545 ε’πὶ
1123 492 1319 561 μηδενὶ
1351 499 1597 567 χρησίμῳ
1638 504 1808 548 ταῦτα

74 594 96 626 5
120 580 438 650 πάσχοντας,
515 580 698 649 <314>
740 581 795 634 (ὁ
836 580 1023 649 μέντοι
1069 583 1202 643 θεὸς
1243 582 1270 635 ὁ
1312 586 1498 646 κτίσας
1537 584 1678 653 ὑμᾶς
1717 587 1808 637 πό·

119 672 232 731 λεις
284 689 336 722 τε
387 672 634 731 πολίταις
680 667 961 738 ὑμετέροις
1009 668 1284 722 ἀποδώσει
1335 670 1425 723 καὶ
1472 674 1568 725 τὸν
1620 671 1807 725 νεών.’

119 759 346 809 ἔσεσθαι
377 755 569 826 δὲτὴν
602 758 812 810 τούτων
854 757 1136 827 ἀποβολὴν
1177 759 1276 828 οὐχ
1317 759 1456 823 ἅπαξ
1498 760 1635 812 ἀλλὰ
1676 766 1807 814 πολ-

117 845 285 907 λάκις.

227 934 408 1001 <315>
444 937 801 1003 παρορμήσας
840 931 899 986 δὲ
943 936 1040 986 τὸν
1075 931 1292 1003 Ἰησοῦν
1334 935 1419 988 έπὶ
1459 939 1587 999 τοὺς
1628 941 1807 990 Χανα-

51 1035 94 1066 10
117 1025 311 1084 ναίους
350 1023 607 1091 στρατιὰν
649 1021 934 1089 ἐξαγαγεῖν
975 1023 1047 1084 ὡς
1085 1031 1184 1075 τοῦ
1224 1028 1365 1076 θεοῦ
1405 1034 1810 1094 συνεργοῦντος

119 1103 201 1172 οἷς
242 1109 617 1180 ἐπιχειρήσειε,
656 1109 746 1162 καὶ
786 1118 967 1162 πᾶσαν
1002 1109 1388 1179 ἐπευφημήσας
1425 1113 1526 1180 τὴν
1565 1115 1810 1182 πληθύν,

119 1197 292 1251 ‘abac’
334 1202 475 1268 φησί
522 1199 684 1269 (πρὸς
733 1201 861 1260 τοὺς
910 1197 1206 1268 «ἡμετέρους
1256 1200 1443 1268 ἄπειμι
1493 1204 1810 1270 προγόνους

116 1286 206 1339 καὶ
237 1289 369 1349 θεὸς
399 1289 564 1356 τήνδε
598 1307 690 1355 μοι
722 1288 822 1355 τὴν
854 1286 1063 1357 ’ἡμέραν
1095 1294 1188 1355 τῆς
1226 1290 1362 1358 πρὸς
1402 1287 1645 1352 ἐκείνους
1685 1289 1808 1359 ἀφί-

116 1374 249 1438 ξεως
282 1376 465 1446 ὥρισε,
506 1376 686 1443 <316>
711 1375 872 1445 χάριν
905 1372 1005 1443 μὲν
1039 1375 1185 1447 αὐτῷ
1231 1379 1336 1439 ζῶν
1370 1379 1448 1428 ἔτι
1487 1377 1577 1430 καὶ
1616 1380 1808 1448 παρὼν

48 1476 90 1509 15
113 1463 247 1533 ὑμῖν
296 1467 440 1534 ἔχειν
489 1465 740 1532 ὁμολογῶ
788 1468 1052 1533 προνοίας
1102 1485 1158 1517 τε
1198 1473 1292 1533 τῆς
1331 1463 1469 1536 ὑπὲρ
1510 1466 1692 1535 ὑμῶν,
1739 1467 1808 1535 ἣν

113 1552 213 1622 οὐχ
263 1549 402 1623 ὑπὲρ
455 1551 771 1620 ἀπαλλαγῆς
809 1555 985 1621 μόνον
1035 1562 1145 1605 τῶν
1186 1553 1465 1623 ὑμετέρων
1515 1554 1807 1623 ἐποιήσατο

111 1650 327 1709 κακῶν,
375 1641 513 1694 ἀλλὰ
553 1640 643 1694 καὶ
683 1643 892 1710 δωρεᾶς
930 1651 1039 1694 τῶν
1079 1645 1440 1711 κρειττόνων,
1494 1644 1576 1695 ὅτι
1616 1662 1671 1695 τε
1711 1662 1808 1696 πο-

110 1732 311 1782 νοῦντί
353 1750 447 1798 μοι
495 1728 585 1782 καὶ
631 1731 765 1781 κατὰ
812 1737 993 1783 πᾶσαν
1042 1729 1291 1784 ἐπίνοιαν
1331 1739 1425 1799 τῆς
1466 1730 1551 1784 ἐπὶ
1584 1733 1644 1784 τὸ
1685 1731 1807 1800 βέλ-

111 1838 234 1871 τιον
273 1818 431 1887 ὑμῶν
474 1821 777 1886 μεταβολῆς
816 1820 1088 1887 φροντίδα
1120 1820 1459 1887 λαμβάνοντι
1501 1823 1807 1888 συνηγωνί-

47 1921 91 1952 20
115 1919 266 1974 σατο,
297 1905 388 1959 καὶ
412 1905 682 2014 παρέσχεν
710 1908 927 1959 ἅπασαν
960 1905 1158 1960 ἑαυτὸν
1190 1908 1389 1976 εὐμενῆ
1421 1908 1576 1976 ὑμῖν·
1625 1908 1807 1977 <317>

111 1999 322 2062 μᾶλλον
356 1992 410 2047 δ’
443 1996 607 2058 αὐτὸς
645 1992 771 2063 ἦν
750 2016 777 2048 ο
810 1994 899 2047 καὶ
939 1997 1038 2063 τὴν
1080 1995 1358 2065 ἀφήγησιν
1392 1997 1575 2050 αὐτῶν
1616 1998 1808 2059 διδοὺς

109 2081 200 2135 καὶ
239 2103 304 2135 τα
343 2083 467 2154 τέλη
508 2086 891 2191 χαριζόμενος,
930 2084 1326 2157 ὑποστρατήγῳ
1365 2086 1646 2155 χρώμενος
1687 2084 1806 2153 ε’μοὶ

110 2169 200 2223 καὶ
240 2171 483 2242 ὑπηρέτῃ
525 2168 602 2225 ὧν
642 2175 740 2225 τὸν
778 2171 1044 2242 ὑμέτερον
1085 2174 1220 2225 λαὸν
1257 2173 1566 2242 εὐεργετειν
1604 2173 1806 2241 ἠθέλη-

112 2272 222 2311 σεν.
306 2260 487 2328 <318>
539 2259 668 2312 ανθ’
729 2256 806 2313 ὧν
860 2265 1303 2330 προσευλογῆσαι
1356 2262 1457 2329 τὴν
1513 2270 1611 2314 τοῦ
1664 2268 1806 2315 θεοῦ

44 2360 86 2393 25
113 2348 379 2416 δύναμιν,
420 2342 462 2419 ᾧ
504 2351 726 2416 μελήσει
764 2347 855 2401 καὶ
893 2351 1029 2418 πρὸς
1067 2351 1128 2401 τὸ
1169 2347 1371 2417 μέλλον
1410 2349 1594 2418 ὑμῶν,
1636 2349 1804 2403 ἀπαλ-

110 2438 438 2504 λαττόμενος
492 2440 669 2498 καλῶς
723 2439 867 2505 ἔχειν
913 2437 1233 2506 ἡγησάμην,
1285 2437 1448 2499 αὐτός
1493 2456 1549 2489 τε
1597 2440 1804 2506 ταύτην

110 2522 477 2593 ὀφειλομένην
525 2523 763 2593 ἀμοιβὴν
811 2524 1142 2593 ἀποδιδούς,
1197 2524 1288 2577 καὶ
1334 2528 1675 2578 καταλείπων
1727 2529 1804 2589 εἰς

109 2614 329 2680 μνήμην
375 2612 508 2680 ὑμῖν
555 2614 615 2665 τὸ
665 2611 847 2681 σέβειν
895 2633 950 2665 τε
999 2612 1089 2665 καὶ
1138 2621 1301 2681 τιμᾶν
1340 2616 1639 2683 προσήκειν
1679 2623 1803 2668 τοῦ-

109 2718 206 2753 τον
244 2699 408 2768 ὑμῖν,
447 2699 537 2752 καὶ
576 2703 705 2763 τοὺς
742 2704 975 2769 νόμους,
1023 2702 1245 2754 πάντων
1287 2697 1363 2754 ὧν
1402 2721 1459 2754 τε
1497 2700 1802 2772 παρέσχηκε

44 2802 87 2833 30
109 2786 200 2840 καὶ
255 2787 438 2856 μένων
493 2789 724 2857 εὐμενὴς
779 2792 855 2841 ἔτι
918 2788 1136 2860 παρέξει
1201 2791 1428 2859 δώρημα
1489 2790 1802 2859 κάλλιστον,

228 2893 252 2942 ξ
287 2895 371 2933 315
400 2912 454 2926 =
478 2889 663 2934 Denter.
697 2889 847 2933 XXXI
880 2896 947 2934 23.
1141 2894 1164 2943 ξ
1198 2895 1284 2934 316
1312 2912 1367 2926 =
1391 2890 1577 2935 Denter.
1612 2890 1798 2937 XXXII.

1840 947 1896 987 47
