<?xml version="1.0" encoding="UTF-8"?>
<!DOCTYPE html PUBLIC "-//W3C//DTD XHTML 1.0 Transitional//EN"
    "http://www.w3.org/TR/xhtml1/DTD/xhtml1-transitional.dtd">
<html xmlns="http://www.w3.org/1999/xhtml" xml:lang="en" lang="en">
 <head>
  <title>
</title>
<meta http-equiv="Content-Type" content="text/html;charset=utf-8" />
  <meta name='ocr-system' content='tesseract 3.04.00' />
  <meta name='ocr-capabilities' content='ocr_page ocr_carea ocr_par ocr_line ocrx_word'/>
</head>
<body>
  <div class='ocr_page' id='page_1' title='image "./flaviiiosephiope01joseuoft_0178.png"; bbox 0 0 2052 3141; ppageno 0'>
   <div class='ocr_carea' id='block_1_1' title="bbox 193 58 1251 111">
    <p class='ocr_par' dir='ltr' id='par_1_1' title="bbox 193 58 1251 111">
     <span class='ocr_line' id='line_1_1' title="bbox 193 58 1251 111; baseline -0.004 -10"><span class='ocrx_word' id='word_1_1' title='bbox 193 58 299 111; x_wconf 79' lang='lat'><em>146</em></span> <span class='ocrx_word' id='word_1_2' title='bbox 797 58 1251 99; x_wconf 69' lang='grc' dir='ltr'><em>ΑΡΧΑΙοΑοΓιΑΣ</em></span> 
     </span>
    </p>
   </div>
   <div class='ocr_carea' id='block_1_2' title="bbox 138 186 1947 2896">
    <p class='ocr_par' dir='ltr' id='par_1_2' title="bbox 187 186 1946 1577">
     <span class='ocr_line' id='line_1_2' title="bbox 191 186 1876 262; baseline -0.002 -16"><span class='ocrx_word' id='word_1_3' title='bbox 191 193 528 262; x_wconf 81' lang='grc' dir='ltr'><em>ὁρμώμενον.</em></span> <span class='ocrx_word' id='word_1_4' title='bbox 606 191 678 253; x_wconf 83' lang='grc' dir='ltr'><em>ὡς</em></span> <span class='ocrx_word' id='word_1_5' title='bbox 728 188 777 243; x_wconf 81' lang='grc' dir='ltr'><em>δ’</em></span> <span class='ocrx_word' id='word_1_6' title='bbox 823 186 981 258; x_wconf 82' lang='grc' dir='ltr'><em>ἧκεν,</em></span> <span class='ocrx_word' id='word_1_7' title='bbox 1029 189 1325 242; x_wconf 80' lang='grc' dir='ltr'><em>ἀπολύσειν</em></span> <span class='ocrx_word' id='word_1_8' title='bbox 1373 190 1572 251; x_wconf 84' lang='grc' dir='ltr'><em>αὐτοὺς</em></span> <span class='ocrx_word' id='word_1_9' title='bbox 1617 187 1708 241; x_wconf 82' lang='grc' dir='ltr'><em>καὶ</em></span> <span class='ocrx_word' id='word_1_10' title='bbox 1746 190 1876 242; x_wconf 86' lang='grc' dir='ltr'><em>ταύ-</em></span> 
     </span>
     <span class='ocr_line' id='line_1_3' title="bbox 190 275 1876 348; baseline -0.003 -15"><span class='ocrx_word' id='word_1_11' title='bbox 190 299 285 348; x_wconf 91' lang='grc' dir='ltr'><em>της</em></span> <span class='ocrx_word' id='word_1_12' title='bbox 322 287 416 347; x_wconf 83' lang='grc' dir='ltr'><em>τῆς</em></span> <span class='ocrx_word' id='word_1_13' title='bbox 462 278 702 347; x_wconf 75' lang='grc' dir='ltr'><em>ἀνάγκης</em></span> <span class='ocrx_word' id='word_1_14' title='bbox 741 281 890 346; x_wconf 81' lang='grc' dir='ltr'><em>ἔλεγε</em></span> <span class='ocrx_word' id='word_1_15' title='bbox 931 280 1027 331; x_wconf 87' lang='grc' dir='ltr'><em>τὸν</em></span> <span class='ocrx_word' id='word_1_16' title='bbox 1066 279 1230 345; x_wconf 85' lang='grc' dir='ltr'><em>θεόν,</em></span> <span class='ocrx_word' id='word_1_17' title='bbox 1280 275 1370 329; x_wconf 87' lang='grc' dir='ltr'><em>καὶ</em></span> <span class='ocrx_word' id='word_1_18' title='bbox 1408 280 1731 346; x_wconf 78' lang='grc' dir='ltr'><em>κεχαρίσθαι</em></span> <span class='ocrx_word' id='word_1_19' title='bbox 1772 291 1876 329; x_wconf 90' lang='grc' dir='ltr'><em>σω-</em></span> 
     </span>
     <span class='ocr_line' id='line_1_4' title="bbox 190 364 1874 437; baseline -0.002 -16"><span class='ocrx_word' id='word_1_20' title='bbox 190 371 384 437; x_wconf 89' lang='grc' dir='ltr'><em>τηριάν</em></span> <span class='ocrx_word' id='word_1_21' title='bbox 425 364 544 420; x_wconf 80' lang='grc' dir='ltr'><em>οὐδ’</em></span> <span class='ocrx_word' id='word_1_22' title='bbox 594 366 950 419; x_wconf 79' lang='grc' dir='ltr'><em>ἐλπισθεῖσαν</em></span> <span class='ocrx_word' id='word_1_23' title='bbox 963 407 978 434; x_wconf 99' lang='grc'><em>,</em></span> <span class='ocrx_word' id='word_1_24' title='bbox 1027 365 1084 418; x_wconf 83' lang='grc' dir='ltr'><em>ἐκ</em></span> <span class='ocrx_word' id='word_1_25' title='bbox 1130 374 1222 433; x_wconf 82' lang='grc' dir='ltr'><em>τῆς</em></span> <span class='ocrx_word' id='word_1_26' title='bbox 1261 364 1457 435; x_wconf 89' lang='grc' dir='ltr'><em>πέτρας</em></span> <span class='ocrx_word' id='word_1_27' title='bbox 1495 366 1740 433; x_wconf 86' lang='grc' dir='ltr'><em>ποταμὸν</em></span> <span class='ocrx_word' id='word_1_28' title='bbox 1779 365 1874 417; x_wconf 86' lang='grc' dir='ltr'><em>αὐ-</em></span> 
     </span>
     <span class='ocr_line' id='line_1_5' title="bbox 187 450 1875 524; baseline -0.002 -15"><span class='ocrx_word' id='word_1_29' title='bbox 187 465 301 518; x_wconf 83' lang='grc' dir='ltr'><em>τοῖς</em></span> <span class='ocrx_word' id='word_1_30' title='bbox 341 455 648 524; x_wconf 79' lang='grc' dir='ltr'><em>ῥυήσεσθαι</em></span> <span class='ocrx_word' id='word_1_31' title='bbox 688 452 879 521; x_wconf 89' lang='grc' dir='ltr'><em>λέγων.</em></span> <span class='ocrx_word' id='word_1_32' title='bbox 958 453 1100 521; x_wconf 76' lang='lat'>&lt;37&gt;</span> <span class='ocrx_word' id='word_1_33' title='bbox 1142 462 1250 505; x_wconf 84' lang='grc' dir='ltr'><em>τῶν</em></span> <span class='ocrx_word' id='word_1_34' title='bbox 1292 450 1351 504; x_wconf 76' lang='grc' dir='ltr'><em>δὲ</em></span> <span class='ocrx_word' id='word_1_35' title='bbox 1390 455 1525 521; x_wconf 86' lang='grc' dir='ltr'><em>πρὸς</em></span> <span class='ocrx_word' id='word_1_36' title='bbox 1563 454 1662 520; x_wconf 88' lang='grc' dir='ltr'><em>τὴν</em></span> <span class='ocrx_word' id='word_1_37' title='bbox 1703 453 1875 520; x_wconf 84' lang='grc' dir='ltr'><em>ἀκοὴν</em></span> 
     </span>
     <span class='ocr_line' id='line_1_6' title="bbox 188 539 1922 611; baseline -0.003 -15"><span class='ocrx_word' id='word_1_38' title='bbox 188 542 673 611; x_wconf 77' lang='grc' dir='ltr'><em>καταπλαγέντων,</em></span> <span class='ocrx_word' id='word_1_39' title='bbox 728 545 778 594; x_wconf 83' lang='grc' dir='ltr'><em>εἰ</em></span> <span class='ocrx_word' id='word_1_40' title='bbox 822 543 929 594; x_wconf 87' lang='grc' dir='ltr'><em>ὑπό</em></span> <span class='ocrx_word' id='word_1_41' title='bbox 977 561 1030 593; x_wconf 91' lang='grc' dir='ltr'><em>τε</em></span> <span class='ocrx_word' id='word_1_42' title='bbox 1079 549 1176 594; x_wconf 90' lang='grc' dir='ltr'><em>τοῦ</em></span> <span class='ocrx_word' id='word_1_43' title='bbox 1225 543 1421 603; x_wconf 81' lang='grc' dir='ltr'><em>δίψους</em></span> <span class='ocrx_word' id='word_1_44' title='bbox 1467 539 1556 593; x_wconf 89' lang='grc' dir='ltr'><em>καὶ</em></span> <span class='ocrx_word' id='word_1_45' title='bbox 1597 549 1690 608; x_wconf 82' lang='grc' dir='ltr'><em>τῆς</em></span> <span class='ocrx_word' id='word_1_46' title='bbox 1730 542 1922 594; x_wconf 66' lang='lat' dir='ltr'>&amp;doc-5</span> 
     </span>
     <span class='ocr_line' id='line_1_7' title="bbox 188 627 1876 699; baseline -0.001 -15"><span class='ocrx_word' id='word_1_47' title='bbox 188 635 383 699; x_wconf 89' lang='grc' dir='ltr'><em>ποριάς</em></span> <span class='ocrx_word' id='word_1_48' title='bbox 419 629 981 699; x_wconf 75' lang='grc' dir='ltr'><em>τεταλαιπωρημένοις</em></span> <span class='ocrx_word' id='word_1_49' title='bbox 1020 628 1227 696; x_wconf 76' lang='grc' dir='ltr'><em>ἀνάγκη</em></span> <span class='ocrx_word' id='word_1_50' title='bbox 1270 627 1482 696; x_wconf 88' lang='grc' dir='ltr'><em>γένοιτο</em></span> <span class='ocrx_word' id='word_1_51' title='bbox 1523 631 1743 681; x_wconf 89' lang='grc' dir='ltr'><em>κόπτειν</em></span> <span class='ocrx_word' id='word_1_52' title='bbox 1776 631 1876 697; x_wconf 87' lang='grc' dir='ltr'><em>τὴν</em></span> 
     </span>
     <span class='ocr_line' id='line_1_8' title="bbox 188 715 1877 788; baseline -0.001 -16"><span class='ocrx_word' id='word_1_53' title='bbox 188 719 409 788; x_wconf 91' lang='grc' dir='ltr'><em>πέτραν,</em></span> <span class='ocrx_word' id='word_1_54' title='bbox 451 720 478 773; x_wconf 89' lang='grc' dir='ltr'>ὁ</span> <span class='ocrx_word' id='word_1_55' title='bbox 511 722 759 786; x_wconf 34' lang='grc' dir='ltr'><em>*Μωυσῆς</em></span> <span class='ocrx_word' id='word_1_56' title='bbox 789 722 1008 787; x_wconf 81' lang='grc' dir='ltr'><em>πλήττει</em></span> <span class='ocrx_word' id='word_1_57' title='bbox 1047 725 1110 785; x_wconf 77' lang='grc' dir='ltr'><em>τῇ</em></span> <span class='ocrx_word' id='word_1_58' title='bbox 1151 720 1434 788; x_wconf 79' lang='grc' dir='ltr'><em>βακτηρία,</em></span> <span class='ocrx_word' id='word_1_59' title='bbox 1473 715 1563 769; x_wconf 86' lang='grc' dir='ltr'><em>καὶ</em></span> <span class='ocrx_word' id='word_1_60' title='bbox 1603 718 1877 786; x_wconf 86' lang='grc' dir='ltr'><em>χανούσης</em></span> 
     </span>
     <span class='ocr_line' id='line_1_9' title="bbox 190 803 1877 876; baseline -0.002 -16"><span class='ocrx_word' id='word_1_61' title='bbox 190 806 480 876; x_wconf 82' lang='grc' dir='ltr'><em>ἐξέβλυσεν</em></span> <span class='ocrx_word' id='word_1_62' title='bbox 527 807 679 875; x_wconf 77' lang='grc' dir='ltr'><em>ὕδωρ</em></span> <span class='ocrx_word' id='word_1_63' title='bbox 727 809 868 859; x_wconf 88' lang='grc' dir='ltr'><em>πολὺ</em></span> <span class='ocrx_word' id='word_1_64' title='bbox 909 804 999 857; x_wconf 81' lang='grc' dir='ltr'><em>καὶ</em></span> <span class='ocrx_word' id='word_1_65' title='bbox 1052 803 1459 872; x_wconf 75' lang='grc' dir='ltr'><em>διαυγέστατον.</em></span> <span class='ocrx_word' id='word_1_66' title='bbox 1539 807 1681 873; x_wconf 75' lang='lat'>&lt;38&gt;</span> <span class='ocrx_word' id='word_1_67' title='bbox 1725 809 1780 858; x_wconf 80' lang='grc' dir='ltr'><em>οἳ</em></span> <span class='ocrx_word' id='word_1_68' title='bbox 1817 803 1877 857; x_wconf 74' lang='grc' dir='ltr'><em>δὲ</em></span> 
     </span>
     <span class='ocr_line' id='line_1_10' title="bbox 190 893 1877 967; baseline -0.001 -19"><span class='ocrx_word' id='word_1_69' title='bbox 190 904 262 967; x_wconf 75' lang='grc' dir='ltr'><em>τῷ</em></span> <span class='ocrx_word' id='word_1_70' title='bbox 304 895 597 967; x_wconf 79' lang='grc' dir='ltr'><em>παραδόξῳ</em></span> <span class='ocrx_word' id='word_1_71' title='bbox 645 903 743 948; x_wconf 89' lang='grc' dir='ltr'><em>τοῦ</em></span> <span class='ocrx_word' id='word_1_72' title='bbox 790 897 1082 962; x_wconf 88' lang='grc' dir='ltr'><em>γεγονότος</em></span> <span class='ocrx_word' id='word_1_73' title='bbox 1128 894 1567 961; x_wconf 76' lang='grc' dir='ltr'><em>κατεπλάγησαν,</em></span> <span class='ocrx_word' id='word_1_74' title='bbox 1615 893 1701 945; x_wconf 86' lang='grc' dir='ltr'><em>καὶ</em></span> <span class='ocrx_word' id='word_1_75' title='bbox 1742 895 1877 960; x_wconf 83' lang='grc' dir='ltr'><em>πρὸς</em></span> 
     </span>
     <span class='ocr_line' id='line_1_11' title="bbox 188 980 1944 1052; baseline -0.003 -15"><span class='ocrx_word' id='word_1_76' title='bbox 188 986 288 1052; x_wconf 92' lang='grc' dir='ltr'><em>τὴν</em></span> <span class='ocrx_word' id='word_1_77' title='bbox 337 986 466 1046; x_wconf 80' lang='grc' dir='ltr'><em>ὄψιν</em></span> <span class='ocrx_word' id='word_1_78' title='bbox 517 986 620 1052; x_wconf 74' lang='grc' dir='ltr'><em>ἤδη</em></span> <span class='ocrx_word' id='word_1_79' title='bbox 673 986 733 1036; x_wconf 93' lang='grc' dir='ltr'><em>τὸ</em></span> <span class='ocrx_word' id='word_1_80' title='bbox 783 985 942 1046; x_wconf 78' lang='grc' dir='ltr'><em>δίψος</em></span> <span class='ocrx_word' id='word_1_81' title='bbox 989 982 1173 1043; x_wconf 83' lang='grc' dir='ltr'><em>αὐτοῖς</em></span> <span class='ocrx_word' id='word_1_82' title='bbox 1221 984 1436 1049; x_wconf 78' lang='grc' dir='ltr'><em>ἔληγεν·</em></span> <span class='ocrx_word' id='word_1_83' title='bbox 1489 980 1577 1033; x_wconf 85' lang='grc' dir='ltr'><em>καὶ</em></span> <span class='ocrx_word' id='word_1_84' title='bbox 1617 985 1874 1034; x_wconf 85' lang='grc' dir='ltr'><em>πίνουσιν</em></span> <span class='ocrx_word' id='word_1_85' title='bbox 1900 997 1944 1028; x_wconf 88' lang='lat'><em>10</em></span> 
     </span>
     <span class='ocr_line' id='line_1_12' title="bbox 189 1063 1877 1139; baseline -0.001 -15"><span class='ocrx_word' id='word_1_86' title='bbox 189 1072 295 1139; x_wconf 81' lang='grc' dir='ltr'><em>ἡὸὺ</em></span> <span class='ocrx_word' id='word_1_87' title='bbox 335 1070 425 1124; x_wconf 85' lang='grc' dir='ltr'><em>καὶ</em></span> <span class='ocrx_word' id='word_1_88' title='bbox 465 1075 638 1139; x_wconf 90' lang='grc' dir='ltr'><em>γλυκὺ</em></span> <span class='ocrx_word' id='word_1_89' title='bbox 673 1073 733 1124; x_wconf 88' lang='grc' dir='ltr'><em>τὸ</em></span> <span class='ocrx_word' id='word_1_90' title='bbox 766 1079 931 1139; x_wconf 87' lang='grc' dir='ltr'><em>νᾶμα,</em></span> <span class='ocrx_word' id='word_1_91' title='bbox 972 1069 1059 1121; x_wconf 85' lang='grc' dir='ltr'><em>καὶ</em></span> <span class='ocrx_word' id='word_1_92' title='bbox 1102 1063 1222 1122; x_wconf 85' lang='grc' dir='ltr'><em>οἷον</em></span> <span class='ocrx_word' id='word_1_93' title='bbox 1263 1069 1330 1121; x_wconf 80' lang='grc' dir='ltr'><em>ἂν</em></span> <span class='ocrx_word' id='word_1_94' title='bbox 1371 1075 1452 1137; x_wconf 80' lang='grc' dir='ltr'><em>εἴη</em></span> <span class='ocrx_word' id='word_1_95' title='bbox 1494 1075 1632 1122; x_wconf 88' lang='grc' dir='ltr'><em>θεοῦ</em></span> <span class='ocrx_word' id='word_1_96' title='bbox 1674 1072 1731 1122; x_wconf 85' lang='grc' dir='ltr'><em>τὸ</em></span> <span class='ocrx_word' id='word_1_97' title='bbox 1774 1071 1877 1122; x_wconf 81' lang='grc' dir='ltr'><em>ὁῶ-</em></span> 
     </span>
     <span class='ocr_line' id='line_1_13' title="bbox 191 1153 1877 1229; baseline -0.002 -16"><span class='ocrx_word' id='word_1_98' title='bbox 191 1180 291 1227; x_wconf 89' lang='grc' dir='ltr'><em>ρον</em></span> <span class='ocrx_word' id='word_1_99' title='bbox 334 1162 546 1227; x_wconf 81' lang='grc' dir='ltr'><em>ὁόντος,</em></span> <span class='ocrx_word' id='word_1_100' title='bbox 588 1160 852 1229; x_wconf 84' lang='grc' dir='ltr'><em>ἐφαίνετο.</em></span> <span class='ocrx_word' id='word_1_101' title='bbox 917 1161 1011 1210; x_wconf 91' lang='grc' dir='ltr'><em>τόν</em></span> <span class='ocrx_word' id='word_1_102' title='bbox 1051 1154 1096 1208; x_wconf 80' lang='grc' dir='ltr'><em>τ’</em></span> <span class='ocrx_word' id='word_1_103' title='bbox 1138 1153 1239 1209; x_wconf 76' lang='grc' dir='ltr'><em>οὖν</em></span> <span class='ocrx_word' id='word_1_104' title='bbox 1271 1160 1523 1224; x_wconf 59' lang='grc' dir='ltr'><em>ΛΜωυσῆν</em></span> <span class='ocrx_word' id='word_1_105' title='bbox 1565 1157 1877 1225; x_wconf 80' lang='grc' dir='ltr'><em>ἐθαύμαζον</em></span> 
     </span>
     <span class='ocr_line' id='line_1_14' title="bbox 193 1243 1878 1313; baseline -0.002 -12"><span class='ocrx_word' id='word_1_106' title='bbox 193 1249 366 1310; x_wconf 80' lang='grc' dir='ltr'><em>οὕτως</em></span> <span class='ocrx_word' id='word_1_107' title='bbox 411 1248 517 1300; x_wconf 88' lang='grc' dir='ltr'><em>ὑπὸ</em></span> <span class='ocrx_word' id='word_1_108' title='bbox 566 1255 663 1299; x_wconf 91' lang='grc' dir='ltr'><em>τοῦ</em></span> <span class='ocrx_word' id='word_1_109' title='bbox 710 1252 850 1298; x_wconf 86' lang='grc' dir='ltr'><em>θεοῦ</em></span> <span class='ocrx_word' id='word_1_110' title='bbox 897 1243 1279 1312; x_wconf 80' lang='grc' dir='ltr'><em>τετιμημένον,</em></span> <span class='ocrx_word' id='word_1_111' title='bbox 1327 1243 1410 1296; x_wconf 79' lang='grc' dir='ltr'><em>καὶ</em></span> <span class='ocrx_word' id='word_1_112' title='bbox 1461 1248 1683 1307; x_wconf 83' lang='grc' dir='ltr'><em>θυσίαις</em></span> <span class='ocrx_word' id='word_1_113' title='bbox 1733 1246 1878 1313; x_wconf 82' lang='grc' dir='ltr'><em>ἠμεί-</em></span> 
     </span>
     <span class='ocr_line' id='line_1_15' title="bbox 192 1331 1870 1405; baseline -0.002 -16"><span class='ocrx_word' id='word_1_114' title='bbox 192 1340 356 1405; x_wconf 87' lang='grc' dir='ltr'><em>βοντο</em></span> <span class='ocrx_word' id='word_1_115' title='bbox 398 1337 497 1403; x_wconf 85' lang='grc' dir='ltr'><em>τὴν</em></span> <span class='ocrx_word' id='word_1_116' title='bbox 538 1343 635 1387; x_wconf 87' lang='grc' dir='ltr'><em>τοῦ</em></span> <span class='ocrx_word' id='word_1_117' title='bbox 681 1340 821 1386; x_wconf 85' lang='grc' dir='ltr'><em>θεοῦ</em></span> <span class='ocrx_word' id='word_1_118' title='bbox 859 1331 982 1400; x_wconf 83' lang='grc' dir='ltr'><em>περὶ</em></span> <span class='ocrx_word' id='word_1_119' title='bbox 1023 1333 1222 1394; x_wconf 83' lang='grc' dir='ltr'><em>αὐτοὺς</em></span> <span class='ocrx_word' id='word_1_120' title='bbox 1261 1335 1544 1398; x_wconf 90' lang='grc' dir='ltr'><em>πρόνοιαν.</em></span> <span class='ocrx_word' id='word_1_121' title='bbox 1623 1334 1786 1401; x_wconf 84' lang='grc' dir='ltr'><em>ὁηλοῖ</em></span> <span class='ocrx_word' id='word_1_122' title='bbox 1822 1331 1870 1385; x_wconf 79' lang='grc' dir='ltr'><em>δ’</em></span> 
     </span>
     <span class='ocr_line' id='line_1_16' title="bbox 195 1421 1946 1495; baseline -0.002 -18"><span class='ocrx_word' id='word_1_123' title='bbox 195 1424 254 1477; x_wconf 82' lang='grc' dir='ltr'><em>ἐν</em></span> <span class='ocrx_word' id='word_1_124' title='bbox 293 1432 366 1495; x_wconf 77' lang='grc' dir='ltr'><em>τῷ</em></span> <span class='ocrx_word' id='word_1_125' title='bbox 411 1425 536 1494; x_wconf 74' lang='grc' dir='ltr'><em>ἱερῷ</em></span> <span class='ocrx_word' id='word_1_126' title='bbox 580 1421 906 1490; x_wconf 87' lang='grc' dir='ltr'><em>ἀνακειμένη</em></span> <span class='ocrx_word' id='word_1_127' title='bbox 950 1423 1130 1489; x_wconf 77' lang='grc' dir='ltr'><em>γραφὴ</em></span> <span class='ocrx_word' id='word_1_128' title='bbox 1173 1423 1268 1473; x_wconf 84' lang='grc' dir='ltr'><em>τὸν</em></span> <span class='ocrx_word' id='word_1_129' title='bbox 1310 1423 1443 1474; x_wconf 84' lang='grc' dir='ltr'><em>θεὸν</em></span> <span class='ocrx_word' id='word_1_130' title='bbox 1476 1424 1713 1473; x_wconf 62' lang='grc' dir='ltr'><em>,Μωυσεῖ</em></span> <span class='ocrx_word' id='word_1_131' title='bbox 1748 1440 1873 1488; x_wconf 82' lang='grc' dir='ltr'><em>προ·</em></span> <span class='ocrx_word' id='word_1_132' title='bbox 1905 1437 1946 1468; x_wconf 84' lang='lat'><em>15</em></span> 
     </span>
     <span class='ocr_line' id='line_1_17' title="bbox 195 1509 1741 1577; baseline -0.003 -12"><span class='ocrx_word' id='word_1_133' title='bbox 195 1522 368 1565; x_wconf 79' lang='grc' dir='ltr'><em>ειπεῖν</em></span> <span class='ocrx_word' id='word_1_134' title='bbox 409 1513 581 1574; x_wconf 83' lang='grc' dir='ltr'><em>οὕτως</em></span> <span class='ocrx_word' id='word_1_135' title='bbox 621 1511 679 1564; x_wconf 86' lang='grc' dir='ltr'><em>ἐκ</em></span> <span class='ocrx_word' id='word_1_136' title='bbox 718 1518 810 1577; x_wconf 84' lang='grc' dir='ltr'><em>τῆς</em></span> <span class='ocrx_word' id='word_1_137' title='bbox 848 1509 1045 1576; x_wconf 86' lang='grc' dir='ltr'><em>πέτρας</em></span> <span class='ocrx_word' id='word_1_138' title='bbox 1084 1509 1533 1576; x_wconf 74' lang='grc' dir='ltr'><em>ἀναὸοθησεσθαι</em></span> <span class='ocrx_word' id='word_1_139' title='bbox 1575 1509 1741 1575; x_wconf 74' lang='grc' dir='ltr'><em>ὕδωρ.</em></span> 
     </span>
    </p>

    <p class='ocr_par' dir='ltr' id='par_1_3' title="bbox 138 1596 1947 2812">
     <span class='ocr_line' id='line_1_18' title="bbox 138 1596 1880 1667; baseline -0.002 -13"><span class='ocrx_word' id='word_1_140' title='bbox 138 1606 170 1654; x_wconf 76' lang='grc'><strong><em>2</em></strong></span> <span class='ocrx_word' id='word_1_141' title='bbox 310 1601 451 1667; x_wconf 82' lang='grc'>&lt;39&gt;</span> <span class='ocrx_word' id='word_1_142' title='bbox 502 1608 599 1652; x_wconf 89' lang='grc' dir='ltr'><em>τοῦ</em></span> <span class='ocrx_word' id='word_1_143' title='bbox 649 1596 706 1650; x_wconf 73' lang='grc' dir='ltr'><em>ὁὲ</em></span> <span class='ocrx_word' id='word_1_144' title='bbox 757 1607 864 1650; x_wconf 83' lang='grc' dir='ltr'><em>τῶν</em></span> <span class='ocrx_word' id='word_1_145' title='bbox 903 1596 1174 1665; x_wconf 81' lang='grc' dir='ltr'><em>Ἑβραίων</em></span> <span class='ocrx_word' id='word_1_146' title='bbox 1223 1597 1489 1665; x_wconf 84' lang='grc' dir='ltr'><em>ὀνόματος</em></span> <span class='ocrx_word' id='word_1_147' title='bbox 1530 1599 1630 1664; x_wconf 75' lang='grc' dir='ltr'><em>ἤὸη</em></span> <span class='ocrx_word' id='word_1_148' title='bbox 1673 1602 1880 1650; x_wconf 87' lang='grc' dir='ltr'><em>πολλοῦ</em></span> 
     </span>
     <span class='ocr_line' id='line_1_19' title="bbox 194 1684 1879 1754; baseline -0.002 -13"><span class='ocrx_word' id='word_1_149' title='bbox 194 1690 328 1741; x_wconf 78' lang='grc' dir='ltr'><em>κατὰ</em></span> <span class='ocrx_word' id='word_1_150' title='bbox 367 1688 572 1749; x_wconf 71' lang='grc' dir='ltr'><em>πάντας</em></span> <span class='ocrx_word' id='word_1_151' title='bbox 613 1684 1021 1754; x_wconf 78' lang='grc' dir='ltr'><em>διαβοωμένου,</em></span> <span class='ocrx_word' id='word_1_152' title='bbox 1063 1685 1146 1737; x_wconf 79' lang='grc' dir='ltr'><em>καὶ</em></span> <span class='ocrx_word' id='word_1_153' title='bbox 1192 1695 1288 1738; x_wconf 87' lang='grc' dir='ltr'><em>τοῦ</em></span> <span class='ocrx_word' id='word_1_154' title='bbox 1328 1685 1446 1753; x_wconf 81' lang='grc' dir='ltr'><em>περὶ</em></span> <span class='ocrx_word' id='word_1_155' title='bbox 1491 1686 1671 1738; x_wconf 74' lang='grc' dir='ltr'><em>αὐτῶν</em></span> <span class='ocrx_word' id='word_1_156' title='bbox 1712 1689 1879 1752; x_wconf 76' lang='grc' dir='ltr'><em>λόγου</em></span> 
     </span>
     <span class='ocr_line' id='line_1_20' title="bbox 193 1772 1879 1846; baseline -0.002 -18"><span class='ocrx_word' id='word_1_157' title='bbox 193 1786 524 1845; x_wconf 82' lang='grc' dir='ltr'><em>φοιτῶντος,</em></span> <span class='ocrx_word' id='word_1_158' title='bbox 577 1776 635 1828; x_wconf 83' lang='grc' dir='ltr'><em>ἐν</em></span> <span class='ocrx_word' id='word_1_159' title='bbox 686 1778 843 1846; x_wconf 79' lang='grc' dir='ltr'><em>φόβῳ</em></span> <span class='ocrx_word' id='word_1_160' title='bbox 896 1773 1221 1841; x_wconf 79' lang='grc' dir='ltr'><em>συνέβαινεν</em></span> <span class='ocrx_word' id='word_1_161' title='bbox 1270 1774 1335 1827; x_wconf 78' lang='grc' dir='ltr'><em>οὐ</em></span> <span class='ocrx_word' id='word_1_162' title='bbox 1387 1781 1558 1843; x_wconf 79' lang='grc' dir='ltr'><em>μικρῷ</em></span> <span class='ocrx_word' id='word_1_163' title='bbox 1602 1776 1727 1835; x_wconf 75' lang='grc' dir='ltr'><em>τοὺς</em></span> <span class='ocrx_word' id='word_1_164' title='bbox 1768 1772 1879 1825; x_wconf 83' lang='grc' dir='ltr'><em>ε’πι-</em></span> 
     </span>
     <span class='ocr_line' id='line_1_21' title="bbox 193 1861 1947 1933; baseline -0.005 -16"><span class='ocrx_word' id='word_1_165' title='bbox 193 1868 429 1933; x_wconf 87' lang='grc' dir='ltr'><em>χωρίους</em></span> <span class='ocrx_word' id='word_1_166' title='bbox 468 1861 629 1929; x_wconf 80' lang='grc' dir='ltr'><em>εἶναι,</em></span> <span class='ocrx_word' id='word_1_167' title='bbox 669 1862 753 1915; x_wconf 85' lang='grc' dir='ltr'><em>καὶ</em></span> <span class='ocrx_word' id='word_1_168' title='bbox 790 1865 1221 1930; x_wconf 74' lang='grc' dir='ltr'><em>πρεσβευόμενοι</em></span> <span class='ocrx_word' id='word_1_169' title='bbox 1262 1865 1398 1927; x_wconf 82' lang='grc' dir='ltr'><em>πρὸς</em></span> <span class='ocrx_word' id='word_1_170' title='bbox 1437 1861 1707 1928; x_wconf 73' lang='grc' dir='ltr'><em>ἀλλήλους</em></span> <span class='ocrx_word' id='word_1_171' title='bbox 1746 1880 1878 1927; x_wconf 91' lang='grc' dir='ltr'><em>παρ-</em></span> <span class='ocrx_word' id='word_1_172' title='bbox 1905 1877 1947 1908; x_wconf 74' lang='lat'><em>20</em></span> 
     </span>
     <span class='ocr_line' id='line_1_22' title="bbox 193 1951 1878 2020; baseline -0.003 -16"><span class='ocrx_word' id='word_1_173' title='bbox 193 1954 427 2005; x_wconf 78' lang='grc' dir='ltr'><em>εκάλουν</em></span> <span class='ocrx_word' id='word_1_174' title='bbox 466 1953 699 2020; x_wconf 83' lang='grc' dir='ltr'><em>ἀμύνειν</em></span> <span class='ocrx_word' id='word_1_175' title='bbox 746 1951 833 2003; x_wconf 86' lang='grc' dir='ltr'><em>καὶ</em></span> <span class='ocrx_word' id='word_1_176' title='bbox 874 1957 1166 2017; x_wconf 76' lang='grc' dir='ltr'><em>πειρᾶσθαι</em></span> <span class='ocrx_word' id='word_1_177' title='bbox 1213 1954 1339 2012; x_wconf 73' lang='grc' dir='ltr'><em>τοὺς</em></span> <span class='ocrx_word' id='word_1_178' title='bbox 1379 1952 1585 2013; x_wconf 74' lang='grc' dir='ltr'><em>ἄνὸρας</em></span> <span class='ocrx_word' id='word_1_179' title='bbox 1627 1952 1878 2016; x_wconf 65' lang='grc' dir='ltr'><em>(διαφθεί-</em></span> 
     </span>
     <span class='ocr_line' id='line_1_23' title="bbox 194 2035 1884 2108; baseline -0.003 -15"><span class='ocrx_word' id='word_1_180' title='bbox 194 2060 326 2108; x_wconf 90' lang='grc' dir='ltr'><em>ρειν.</em></span> <span class='ocrx_word' id='word_1_181' title='bbox 406 2042 547 2107; x_wconf 76' lang='lat'>&lt;4‹2›&gt;</span> <span class='ocrx_word' id='word_1_182' title='bbox 588 2040 886 2108; x_wconf 80' lang='grc' dir='ltr'><em>ἐτύγχανον</em></span> <span class='ocrx_word' id='word_1_183' title='bbox 940 2036 992 2090; x_wconf 78' lang='grc' dir='ltr'><em>ὁ”</em></span> <span class='ocrx_word' id='word_1_184' title='bbox 1042 2039 1097 2090; x_wconf 71' lang='grc' dir='ltr'><em>οἱ</em></span> <span class='ocrx_word' id='word_1_185' title='bbox 1133 2041 1266 2104; x_wconf 83' lang='grc' dir='ltr'><em>πρὸς</em></span> <span class='ocrx_word' id='word_1_186' title='bbox 1307 2035 1452 2090; x_wconf 82' lang='grc' dir='ltr'><em>τοῦτ’</em></span> <span class='ocrx_word' id='word_1_187' title='bbox 1502 2037 1787 2103; x_wconf 68' lang='grc' dir='ltr'><em>ἐνάγοντες</em></span> <span class='ocrx_word' id='word_1_188' title='bbox 1828 2038 1884 2088; x_wconf 81' lang='grc' dir='ltr'><em>οἴ</em></span> 
     </span>
     <span class='ocr_line' id='line_1_24' title="bbox 193 2124 1884 2197; baseline -0.003 -16"><span class='ocrx_word' id='word_1_189' title='bbox 193 2148 246 2181; x_wconf 89' lang='grc' dir='ltr'><em>τε</em></span> <span class='ocrx_word' id='word_1_190' title='bbox 289 2130 387 2196; x_wconf 87' lang='grc' dir='ltr'><em>τὴν</em></span> <span class='ocrx_word' id='word_1_191' title='bbox 429 2131 719 2197; x_wconf 83' lang='grc' dir='ltr'><em>Γοβολῖτιν</em></span> <span class='ocrx_word' id='word_1_192' title='bbox 761 2125 848 2179; x_wconf 83' lang='grc' dir='ltr'><em>καὶ</em></span> <span class='ocrx_word' id='word_1_193' title='bbox 890 2127 946 2178; x_wconf 71' lang='grc' dir='ltr'><em>οἵ</em></span> <span class='ocrx_word' id='word_1_194' title='bbox 983 2128 1080 2193; x_wconf 84' lang='grc' dir='ltr'><em>τὴν</em></span> <span class='ocrx_word' id='word_1_195' title='bbox 1123 2124 1342 2190; x_wconf 80' lang='grc' dir='ltr'><em>Πέτραν</em></span> <span class='ocrx_word' id='word_1_196' title='bbox 1383 2134 1786 2186; x_wconf 82' lang='grc' dir='ltr'><em>κατοικοῦντες.</em></span> <span class='ocrx_word' id='word_1_197' title='bbox 1828 2128 1884 2177; x_wconf 76' lang='grc' dir='ltr'><em>οἳ</em></span> 
     </span>
     <span class='ocr_line' id='line_1_25' title="bbox 194 2211 1875 2285; baseline -0.003 -16"><span class='ocrx_word' id='word_1_198' title='bbox 194 2222 488 2270; x_wconf 85' lang='grc' dir='ltr'><em>καλοῦνται</em></span> <span class='ocrx_word' id='word_1_199' title='bbox 522 2214 621 2285; x_wconf 74' lang='grc' dir='ltr'><em>μὲν</em></span> <span class='ocrx_word' id='word_1_200' title='bbox 650 2215 1016 2283; x_wconf 79' lang='grc' dir='ltr'><em>Ἀμαληκῖται,</em></span> <span class='ocrx_word' id='word_1_201' title='bbox 1057 2215 1417 2281; x_wconf 83' lang='grc' dir='ltr'><em>μαχιμώτατοι</em></span> <span class='ocrx_word' id='word_1_202' title='bbox 1465 2211 1522 2264; x_wconf 65' lang='lat' dir='ltr'><em>&amp;tc</em></span> <span class='ocrx_word' id='word_1_203' title='bbox 1559 2223 1664 2265; x_wconf 84' lang='grc' dir='ltr'><em>τῶν</em></span> <span class='ocrx_word' id='word_1_204' title='bbox 1707 2212 1875 2265; x_wconf 78' lang='grc' dir='ltr'><em>ἐκεῖσε</em></span> 
     </span>
     <span class='ocr_line' id='line_1_26' title="bbox 195 2300 1945 2374; baseline -0.006 -17"><span class='ocrx_word' id='word_1_205' title='bbox 195 2305 379 2357; x_wconf 86' lang='grc' dir='ltr'><em>ε’θνῶν</em></span> <span class='ocrx_word' id='word_1_206' title='bbox 419 2305 681 2374; x_wconf 72' lang='grc' dir='ltr'><em>ὑπῆρχον.</em></span> <span class='ocrx_word' id='word_1_207' title='bbox 759 2300 836 2355; x_wconf 82' lang='grc' dir='ltr'><em>ὧν</em></span> <span class='ocrx_word' id='word_1_208' title='bbox 876 2302 1175 2369; x_wconf 84' lang='grc' dir='ltr'><em>πέμποντες</em></span> <span class='ocrx_word' id='word_1_209' title='bbox 1223 2303 1279 2353; x_wconf 72' lang='grc' dir='ltr'><em>οἶ</em></span> <span class='ocrx_word' id='word_1_210' title='bbox 1327 2305 1569 2368; x_wconf 82' lang='grc' dir='ltr'><em>βασιλεῖς</em></span> <span class='ocrx_word' id='word_1_211' title='bbox 1608 2301 1876 2367; x_wconf 75' lang='grc' dir='ltr'><em>ἀλλήλους</em></span> <span class='ocrx_word' id='word_1_212' title='bbox 1903 2316 1945 2347; x_wconf 79' lang='lat'><em>25</em></span> 
     </span>
     <span class='ocr_line' id='line_1_27' title="bbox 195 2388 1878 2459; baseline -0.002 -15"><span class='ocrx_word' id='word_1_213' title='bbox 195 2412 247 2444; x_wconf 88' lang='grc' dir='ltr'><em>τε</em></span> <span class='ocrx_word' id='word_1_214' title='bbox 291 2392 378 2444; x_wconf 85' lang='grc' dir='ltr'><em>καὶ</em></span> <span class='ocrx_word' id='word_1_215' title='bbox 426 2395 553 2454; x_wconf 77' lang='grc' dir='ltr'><em>τοὺς</em></span> <span class='ocrx_word' id='word_1_216' title='bbox 600 2395 910 2459; x_wconf 79' lang='grc' dir='ltr'><em>περιοίκους</em></span> <span class='ocrx_word' id='word_1_217' title='bbox 959 2388 1040 2442; x_wconf 74' lang='grc' dir='ltr'><em>ἐπὶ</em></span> <span class='ocrx_word' id='word_1_218' title='bbox 1094 2391 1189 2440; x_wconf 77' lang='grc' dir='ltr'><em>τὸν</em></span> <span class='ocrx_word' id='word_1_219' title='bbox 1228 2392 1363 2455; x_wconf 73' lang='grc' dir='ltr'><em>πρὸς</em></span> <span class='ocrx_word' id='word_1_220' title='bbox 1396 2388 1683 2457; x_wconf 74' lang='grc' dir='ltr'><em>Ἑβραίους</em></span> <span class='ocrx_word' id='word_1_221' title='bbox 1722 2392 1878 2440; x_wconf 80' lang='grc' dir='ltr'><em>πόλε-</em></span> 
     </span>
     <span class='ocr_line' id='line_1_28' title="bbox 196 2476 1878 2548; baseline -0.003 -16"><span class='ocrx_word' id='word_1_222' title='bbox 196 2500 300 2547; x_wconf 88' lang='grc' dir='ltr'><em>μον</em></span> <span class='ocrx_word' id='word_1_223' title='bbox 348 2481 724 2548; x_wconf 72' lang='grc' dir='ltr'><em>παρεκάλουν,</em></span> <span class='ocrx_word' id='word_1_224' title='bbox 782 2480 1014 2544; x_wconf 73' lang='grc' dir='ltr'><em>στρατὸν</em></span> <span class='ocrx_word' id='word_1_225' title='bbox 1064 2476 1380 2543; x_wconf 60' lang='grc' dir='ltr'><em>ἀλλόφυλον</em></span> <span class='ocrx_word' id='word_1_226' title='bbox 1433 2476 1517 2528; x_wconf 76' lang='grc' dir='ltr'><em>καὶ</em></span> <span class='ocrx_word' id='word_1_227' title='bbox 1574 2485 1664 2543; x_wconf 66' lang='grc' dir='ltr'><em>τῆς</em></span> <span class='ocrx_word' id='word_1_228' title='bbox 1712 2478 1878 2542; x_wconf 71' lang='grc' dir='ltr'><em>Αἰγυ-</em></span> 
     </span>
     <span class='ocr_line' id='line_1_29' title="bbox 195 2563 1879 2634; baseline -0.004 -14"><span class='ocrx_word' id='word_1_229' title='bbox 195 2572 366 2620; x_wconf 88' lang='grc' dir='ltr'><em>πτίων</em></span> <span class='ocrx_word' id='word_1_230' title='bbox 400 2567 714 2634; x_wconf 76' lang='grc' dir='ltr'><em>ἀποὸραντα</em></span> <span class='ocrx_word' id='word_1_231' title='bbox 750 2569 1000 2625; x_wconf 76' lang='grc' dir='ltr'><em>δουλείας</em></span> <span class='ocrx_word' id='word_1_232' title='bbox 1034 2563 1350 2630; x_wconf 66' lang='grc' dir='ltr'><em>ε’φεὸρεύειν</em></span> <span class='ocrx_word' id='word_1_233' title='bbox 1391 2565 1574 2626; x_wconf 74' lang='grc' dir='ltr'><em>αὐτοῖς</em></span> <span class='ocrx_word' id='word_1_234' title='bbox 1615 2563 1879 2630; x_wconf 74' lang='grc' dir='ltr'><em>λέγοντες.</em></span> 
     </span>
     <span class='ocr_line' id='line_1_30' title="bbox 197 2651 1878 2723; baseline -0.004 -14"><span class='ocrx_word' id='word_1_235' title='bbox 197 2659 337 2723; x_wconf 78' lang='lat'>&lt;41&gt;</span> <span class='ocrx_word' id='word_1_236' title='bbox 373 2656 465 2708; x_wconf 64' lang='lat' dir='ltr'><em>‘bv</em></span> <span class='ocrx_word' id='word_1_237' title='bbox 498 2656 564 2708; x_wconf 76' lang='grc' dir='ltr'><em>οὐ</em></span> <span class='ocrx_word' id='word_1_238' title='bbox 598 2659 772 2714; x_wconf 87' lang='grc' dir='ltr'><em>καλῶς</em></span> <span class='ocrx_word' id='word_1_239' title='bbox 804 2656 905 2721; x_wconf 71' lang='grc' dir='ltr'><em>ἔχει</em></span> <span class='ocrx_word' id='word_1_240' title='bbox 950 2659 1232 2717; x_wconf 68' lang='grc' dir='ltr'><em>περιορᾶν.</em></span> <span class='ocrx_word' id='word_1_241' title='bbox 1272 2651 1407 2703; x_wconf 72' lang='grc' dir='ltr'><em>ἀλλὰ</em></span> <span class='ocrx_word' id='word_1_242' title='bbox 1448 2651 1578 2717; x_wconf 76' lang='grc' dir='ltr'><em>πρὶν</em></span> <span class='ocrx_word' id='word_1_243' title='bbox 1624 2652 1649 2719; x_wconf 70' lang='lat' dir='ltr'><em>ij·</em></span> <span class='ocrx_word' id='word_1_244' title='bbox 1692 2655 1878 2718; x_wconf 80' lang='grc' dir='ltr'><em>λαβεῖν</em></span> 
     </span>
     <span class='ocr_line' id='line_1_31' title="bbox 198 2739 1947 2812; baseline -0.003 -17"><span class='ocrx_word' id='word_1_245' title='bbox 198 2746 356 2812; x_wconf 72' lang='grc' dir='ltr'><em>ἰσχὺν</em></span> <span class='ocrx_word' id='word_1_246' title='bbox 392 2742 474 2794; x_wconf 80' lang='grc' dir='ltr'><em>καὶ</em></span> <span class='ocrx_word' id='word_1_247' title='bbox 512 2747 810 2809; x_wconf 84' lang='grc' dir='ltr'><em>παρελθεῖν</em></span> <span class='ocrx_word' id='word_1_248' title='bbox 844 2743 919 2802; x_wconf 73' lang='grc' dir='ltr'><em>εἰς</em></span> <span class='ocrx_word' id='word_1_249' title='bbox 951 2741 1214 2805; x_wconf 74' lang='grc' dir='ltr'><em>εὐπορίαν</em></span> <span class='ocrx_word' id='word_1_250' title='bbox 1248 2739 1330 2791; x_wconf 77' lang='grc' dir='ltr'><em>καὶ</em></span> <span class='ocrx_word' id='word_1_251' title='bbox 1377 2741 1576 2801; x_wconf 74' lang='grc' dir='ltr'><em>αὐτοὺς</em></span> <span class='ocrx_word' id='word_1_252' title='bbox 1616 2747 1706 2806; x_wconf 71' lang='grc' dir='ltr'><em>τῆς</em></span> <span class='ocrx_word' id='word_1_253' title='bbox 1745 2742 1877 2805; x_wconf 76' lang='grc' dir='ltr'><em>πρὸς</em></span> <span class='ocrx_word' id='word_1_254' title='bbox 1903 2753 1947 2784; x_wconf 78' lang='grc'><em>80</em></span> 
     </span>
    </p>

    <p class='ocr_par' dir='ltr' id='par_1_4' title="bbox 317 2841 908 2896">
     <span class='ocr_line' id='line_1_32' title="bbox 317 2841 908 2896; baseline -0.002 -13"><span class='ocrx_word' id='word_1_255' title='bbox 317 2849 339 2896; x_wconf 62' lang='lat' dir='ltr'><strong>g</strong></span> <span class='ocrx_word' id='word_1_256' title='bbox 374 2848 424 2885; x_wconf 61' lang='lat'><em>:³7</em></span> <span class='ocrx_word' id='word_1_257' title='bbox 456 2866 508 2878; x_wconf 86' lang='lat'><strong><em>=</em></strong></span> <span class='ocrx_word' id='word_1_258' title='bbox 538 2842 677 2884; x_wconf 59' lang='lat' dir='ltr'><em>Em.</em></span> <span class='ocrx_word' id='word_1_259' title='bbox 716 2841 837 2884; x_wconf 67' lang='lat' dir='ltr'><em>xm</em></span> <span class='ocrx_word' id='word_1_260' title='bbox 872 2846 908 2883; x_wconf 68' lang='lat'><em>⁶.</em></span> 
     </span>
    </p>
   </div>
  </div>
 </body>
</html>
