2052 3141
833 86 1106 127 TETAPTH
1700 83 1809 135 255

120 223 284 291 ὁδόν,
336 220 652 290 ἐπιζητήσας
702 222 799 273 τὸν
839 218 1253 287 ἀπολωλεκότα,
1307 216 1398 271 καὶ
1437 216 1674 288 κηρύξας
1713 220 1808 271 τὸν

120 313 288 363 τόπον
329 308 389 361 ἐν
421 303 463 380 ᾧ
498 304 678 378 εὗρεν,
719 306 990 374 ἀποδότω,
1030 308 1129 375 τὴν
1164 305 1221 358 ἐκ
1261 314 1354 374 τῆς
1394 303 1581 375 ἑτέρου
1624 309 1809 375 ζημίας

120 396 389 467 ὠφέλειαν
429 395 530 449 οὐκ
561 395 783 464 ἀγαθὴν
814 395 1239 463 ὑπολαμβάνων.
1318 395 1518 463 ὁμοίως
1556 393 1646 446 καὶ
1684 393 1808 463 περὶ

117 485 479 554 βοσκημάτων
520 477 601 546 οἷς
634 483 702 536 ἂν
736 481 933 554 ἐντύχῃ
974 503 1053 545 τις
1093 481 1206 535 κατ’
1255 481 1484 552 ἐρημίαν
1523 485 1808 551 πλανωμέ-

73 590 92 621 5
117 593 253 641 νοις,
293 574 365 642 μὴ
392 569 718 643 εὑρεθέντος
749 580 847 625 τοῦ
886 574 1082 642 κυρίου
1122 579 1450 641 παραχρῆμα
1488 569 1613 640 παρ’
1661 572 1808 642 αὑτῷ

115 660 463 731 φυλαττέτω,
518 661 931 731 μαρτυράμενος
986 662 1083 713 τὸν
1130 662 1269 713 θεὸν
1325 661 1396 728 μὴ
1445 663 1807 729 νοσφίζεσθαι

115 750 390 819 ἀλλότρια.

226 839 406 906 <275>
454 840 525 906 μὴ
575 837 774 901 ἐξεῖναι
827 835 887 890 δὲ
934 835 1185 908 παριέναι
1233 847 1447 906 κτηνῶν
1499 835 1606 889 τινὶ
1647 857 1806 890 κακο-
1840 851 1895 890 30

113 927 448 979 παθούντων
510 927 616 979 ὑπὸ
679 935 944 996 χειμῶνος
1000 925 1030 993 ἢ
1094 929 1456 978 πεπτωκότων
1520 924 1579 977 ἐν
1634 930 1807 997 πηλῷ,

50 1031 91 1062 10
116 1016 514 1079 συνδιασώζειν
570 1013 630 1067 δὲ
680 1013 770 1067 καὶ
824 1017 920 1067 τὸν
975 1017 1150 1067 πόνον
1205 1016 1410 1067 οἰκεῖον
1457 1013 1806 1082 ἡγησάμενον

114 1106 365 1172 βοηθεῖν.

224 1192 406 1260 (276)
457 1193 688 1260 μηνύειν
741 1188 800 1243 δὲ
850 1190 940 1243 καὶ
992 1192 1085 1253 τὰς
1136 1191 1302 1253 ὁδοὺς
1356 1199 1468 1252 τοϊς
1520 1189 1805 1258 ἀγνοοῦσι,
1840 1204 1891 1242 31

112 1277 201 1331 καὶ
249 1280 321 1347 μὴ
370 1276 577 1346 γέλωτα
624 1278 986 1348 θηρωμένους
1033 1279 1217 1341 αὑτοῖς
1265 1277 1574 1347 ἐμποδίζειν
1624 1280 1803 1349 πλάνῃ

112 1368 212 1435 τὴν
255 1365 442 1437 ἑτέρου
483 1370 687 1437 χρείαν.

45 1473 86 1504 15
225 1455 425 1524 ὁμοίως
471 1453 608 1524 μηδὲ
656 1457 1042 1524 βλασφημείτω
1083 1475 1163 1517 τις
1210 1457 1305 1508 τὸν
1354 1457 1532 1508 ἄωτον
1579 1454 1669 1508 καὶ
1709 1459 1805 1509 τὸν
1839 1469 1892 1508 32

113 1542 283 1597 ἐνεόν.

223 1632 404 1699 (277)
429 1630 488 1684 ἐν
523 1632 664 1701 μάχῃ
690 1651 787 1700 τις,
821 1632 959 1685 ὅπου
993 1634 1064 1700 μὴ
1101 1633 1342 1702 σίδηρος,
1375 1630 1598 1700 πληγεὶς
1629 1651 1803 1703 παρα-
1836 1646 1891 1685 33

111 1729 288 1790 χρῆμα
321 1716 420 1789 μὲν
453 1720 756 1773 ἀποθανὼν
790 1720 1115 1774 ἐκδικείσθω
1149 1720 1348 1773 ταύτὸν
1387 1725 1667 1785 παθόντος
1706 1730 1804 1775 τοῦ

109 1811 467 1878 πεπληχότος·
509 1808 578 1862 ἂν
612 1807 672 1861 δὲ
704 1808 990 1878 κομισθεὶς
1030 1807 1157 1877 παρ’
1201 1807 1397 1862 ἑαυτὸν
1436 1808 1527 1862 καὶ
1566 1812 1805 1878 νοσήσας

43 1914 85 1946 20
110 1896 196 1951 ἐπὶ
247 1900 503 1960 πλείονας
549 1896 752 1968 ἡμέρας
803 1896 963 1950 ἔπειτ’
1013 1897 1297 1968 ἀποθάνῃ,
1347 1897 1533 1969 ἀθῷος
1588 1901 1722 1951 ἔστω
1774 1899 1802 1952 ὁ

107 1985 326 2055 πλήξας.
392 1984 670 2049 σωθέντος
703 1983 762 2038 δὲ
794 1985 883 2038 καὶ
916 1987 1092 2039 πολλὰ
1126 1988 1544 2054 δαπανήσαντος
1584 1988 1662 2048 εἰς
1702 1988 1802 2055 τὴν

108 2077 431 2143 νοσηλείαν,
471 2074 778 2128 ἀποτινύτω
810 2072 978 2128 πάνθ’
1021 2074 1123 2127 ὅσα
1154 2076 1300 2144 παρὰ
1333 2078 1429 2128 τὸν
1461 2077 1665 2145 χρόνον
1705 2077 1802 2127 τὸν

109 2170 202 2231 τῆς
232 2165 596 2225 κατακλίσεως
628 2162 876 2231 ἀνήλωσε
908 2162 999 2215 καὶ
1040 2164 1141 2215 ὅσα
1179 2173 1294 2225 τοῖς
1335 2165 1540 2233 ἰατροῖς
1580 2165 1801 2226 ἔδωκεν,

108 2251 290 2318 (278)
330 2250 359 2303 ὁ
399 2260 635 2317 γυναῖκα
674 2254 929 2313 λακτίσας
969 2253 1188 2319 ἔγκυον,
1229 2251 1297 2303 ἂν
1338 2248 1438 2320 μὲν
1479 2251 1800 2322 ἐξαμβλώσῃ

41 2339 140 2406 2ῡὴ
182 2340 358 2406 γυνή,
408 2339 722 2406 ζημιούσθω
771 2341 1043 2408 χρήμασιν
1089 2339 1196 2391 ὑπὸ
1244 2348 1354 2391 τῶν
1404 2340 1676 2391 δικαστῶν
1730 2340 1802 2401 ὡς

106 2427 253 2497 παρὰ
292 2428 352 2479 τὸ
395 2423 708 2498 διαφθαρὲν
750 2426 809 2479 ἐν
849 2435 911 2496 τῇ
952 2425 1144 2496 γαστρὶ
1186 2429 1422 2495 μειώσας
1460 2430 1520 2480 τὸ
1562 2431 1798 2495 πλῆθος·

109 2516 358 2568 διδόσθω
400 2511 461 2566 δὲ
500 2513 591 2566 καὶ
631 2512 825 2584 τάνδρὶ
864 2522 956 2582 τῆς
995 2516 1255 2582 γυναικὸς
1293 2513 1419 2585 παρ’
1460 2515 1630 2568 αὐτοῦ
1670 2518 1798 2584 χρή-

108 2623 261 2672 ματα.
339 2604 691 2671 θνησκούσης
732 2600 780 2655 δ’
828 2603 886 2656 ἐκ
932 2610 1027 2670 τῆς
1076 2607 1284 2672 πληγῆς
1334 2602 1424 2656 καὶ
1465 2604 1626 2666 αὐτὸς
1666 2603 1798 2657 άπο-

227 2739 250 2787 ξ
283 2738 370 2778 274
404 2755 459 2769 =
492 2733 677 2777 Denter.
719 2733 846 2776 XXII
880 2738 916 2777 1.
1100 2738 1122 2786 ξ
1157 2738 1242 2777 275
1279 2756 1332 2770 =
1364 2733 1550 2778 Denter.
1591 2733 1718 2776 XXII
1756 2739 1796 2777 4.

109 2812 132 2861 ἓ
166 2813 250 2852 276
278 2830 332 2844 =
357 2807 544 2851 Deuter.
576 2807 747 2850 XXVII
782 2813 857 2861 183
890 2806 1037 2851 Levit.
1074 2807 1178 2850 XIX
1213 2813 1279 2851 14.
1405 2812 1427 2861 ξ
1462 2813 1544 2851 277
1574 2831 1625 2845 =
1652 2807 1795 2851 Exod.

107 2879 215 2923 XXI
249 2886 317 2925 18.
