<?xml version="1.0" encoding="UTF-8"?>
<!DOCTYPE html PUBLIC "-//W3C//DTD XHTML 1.0 Transitional//EN"
    "http://www.w3.org/TR/xhtml1/DTD/xhtml1-transitional.dtd">
<html xmlns="http://www.w3.org/1999/xhtml" xml:lang="en" lang="en">
 <head>
  <title>
</title>
<meta http-equiv="Content-Type" content="text/html;charset=utf-8" />
  <meta name='ocr-system' content='tesseract 3.04.00' />
  <meta name='ocr-capabilities' content='ocr_page ocr_carea ocr_par ocr_line ocrx_word'/>
</head>
<body>
  <div class='ocr_page' id='page_1' title='image "./flaviiiosephiope01joseuoft_0057.png"; bbox 0 0 1975 3111; ppageno 0'>
   <div class='ocr_carea' id='block_1_1' title="bbox 844 106 1785 157">
    <p class='ocr_par' dir='ltr' id='par_1_1' title="bbox 844 106 1785 157">
     <span class='ocr_line' id='line_1_1' title="bbox 844 106 1785 157; baseline 0.009 -8"><span class='ocrx_word' id='word_1_1' title='bbox 844 109 1052 150; x_wconf 71' lang='grc' dir='ltr'>ΠΡΩΤΗ</span> <span class='ocrx_word' id='word_1_2' title='bbox 1717 106 1785 157; x_wconf 76' lang='grc'><em>27</em></span> 
     </span>
    </p>
   </div>
   <div class='ocr_carea' id='block_1_2' title="bbox 33 239 1794 2957">
    <p class='ocr_par' dir='ltr' id='par_1_2' title="bbox 33 239 1794 2957">
     <span class='ocr_line' id='line_1_2' title="bbox 106 239 1791 313; baseline -0.002 -16"><span class='ocrx_word' id='word_1_3' title='bbox 106 245 284 313; x_wconf 75' lang='grc'>&lt;128&gt;</span> <span class='ocrx_word' id='word_1_4' title='bbox 326 242 568 312; x_wconf 80' lang='grc' dir='ltr'><strong><em>Χέθιμος</em></strong></span> <span class='ocrx_word' id='word_1_5' title='bbox 615 239 675 295; x_wconf 76' lang='grc' dir='ltr'><em>δὲ</em></span> <span class='ocrx_word' id='word_1_6' title='bbox 716 241 932 311; x_wconf 80' lang='grc' dir='ltr'><em>Χέθιμα</em></span> <span class='ocrx_word' id='word_1_7' title='bbox 979 244 1078 310; x_wconf 84' lang='grc' dir='ltr'><em>τὴν</em></span> <span class='ocrx_word' id='word_1_8' title='bbox 1124 250 1296 310; x_wconf 81' lang='grc' dir='ltr'><em>νῆσον</em></span> <span class='ocrx_word' id='word_1_9' title='bbox 1337 244 1492 311; x_wconf 82' lang='grc' dir='ltr'><em>ἔσχεν</em></span> <span class='ocrx_word' id='word_1_10' title='bbox 1543 240 1791 311; x_wconf 81' lang='grc' dir='ltr'><em>(Κύπρος</em></span> 
     </span>
     <span class='ocr_line' id='line_1_3' title="bbox 104 328 1790 401; baseline -0.003 -15"><span class='ocrx_word' id='word_1_11' title='bbox 104 334 240 401; x_wconf 85' lang='grc' dir='ltr'><em>αὕτη</em></span> <span class='ocrx_word' id='word_1_12' title='bbox 280 341 386 386; x_wconf 91' lang='grc' dir='ltr'><em>νῦν</em></span> <span class='ocrx_word' id='word_1_13' title='bbox 426 330 711 400; x_wconf 56' lang='grc' dir='ltr'><em>καλεῖται),</em></span> <span class='ocrx_word' id='word_1_14' title='bbox 749 330 838 383; x_wconf 85' lang='grc' dir='ltr'><em>καὶ</em></span> <span class='ocrx_word' id='word_1_15' title='bbox 874 328 964 383; x_wconf 80' lang='grc' dir='ltr'><em>ἀπ’</em></span> <span class='ocrx_word' id='word_1_16' title='bbox 1005 331 1168 398; x_wconf 85' lang='grc' dir='ltr'><em>αὐτῆς</em></span> <span class='ocrx_word' id='word_1_17' title='bbox 1200 334 1364 398; x_wconf 87' lang='grc' dir='ltr'><em>νῆσοί</em></span> <span class='ocrx_word' id='word_1_18' title='bbox 1398 351 1452 382; x_wconf 92' lang='grc' dir='ltr'><em>τε</em></span> <span class='ocrx_word' id='word_1_19' title='bbox 1493 338 1661 383; x_wconf 85' lang='grc' dir='ltr'><em>πᾶσαι</em></span> <span class='ocrx_word' id='word_1_20' title='bbox 1701 328 1790 381; x_wconf 85' lang='grc' dir='ltr'><em>καὶ</em></span> 
     </span>
     <span class='ocr_line' id='line_1_4' title="bbox 104 416 1791 489; baseline -0.002 -15"><span class='ocrx_word' id='word_1_21' title='bbox 104 423 169 474; x_wconf 82' lang='grc' dir='ltr'><em>τὰ</em></span> <span class='ocrx_word' id='word_1_22' title='bbox 221 423 388 474; x_wconf 82' lang='grc' dir='ltr'><em>πλείω</em></span> <span class='ocrx_word' id='word_1_23' title='bbox 443 430 552 473; x_wconf 93' lang='grc' dir='ltr'><em>τῶν</em></span> <span class='ocrx_word' id='word_1_24' title='bbox 605 421 750 489; x_wconf 81' lang='grc' dir='ltr'><em>παρὰ</em></span> <span class='ocrx_word' id='word_1_25' title='bbox 804 420 1084 472; x_wconf 89' lang='grc' dir='ltr'><em>θάλατταν</em></span> <span class='ocrx_word' id='word_1_26' title='bbox 1142 418 1321 487; x_wconf 87' lang='grc' dir='ltr'><em>Χεθὶμ</em></span> <span class='ocrx_word' id='word_1_27' title='bbox 1375 416 1470 488; x_wconf 86' lang='grc' dir='ltr'><em>ὑφ’</em></span> <span class='ocrx_word' id='word_1_28' title='bbox 1522 417 1791 487; x_wconf 88' lang='grc' dir='ltr'><em>Ἑβραίων</em></span> 
     </span>
     <span class='ocr_line' id='line_1_5' title="bbox 101 506 1790 577; baseline -0.002 -15"><span class='ocrx_word' id='word_1_29' title='bbox 101 509 438 577; x_wconf 81' lang='grc' dir='ltr'><em>ὀνομάζεται.</em></span> <span class='ocrx_word' id='word_1_30' title='bbox 515 508 721 577; x_wconf 98' lang='grc' dir='ltr'><em>μάρτυς</em></span> <span class='ocrx_word' id='word_1_31' title='bbox 776 506 839 560; x_wconf 86' lang='grc' dir='ltr'><em>δέ</em></span> <span class='ocrx_word' id='word_1_32' title='bbox 889 528 996 575; x_wconf 92' lang='grc' dir='ltr'><em>μου</em></span> <span class='ocrx_word' id='word_1_33' title='bbox 1052 515 1150 559; x_wconf 92' lang='grc' dir='ltr'><em>τοῦ</em></span> <span class='ocrx_word' id='word_1_34' title='bbox 1201 510 1369 574; x_wconf 88' lang='grc' dir='ltr'><em>λόγου</em></span> <span class='ocrx_word' id='word_1_35' title='bbox 1422 510 1518 575; x_wconf 90' lang='grc' dir='ltr'><em>μιά</em></span> <span class='ocrx_word' id='word_1_36' title='bbox 1568 517 1678 559; x_wconf 91' lang='grc' dir='ltr'><em>τῶν</em></span> <span class='ocrx_word' id='word_1_37' title='bbox 1732 506 1790 559; x_wconf 89' lang='grc' dir='ltr'><em>ἐν</em></span> 
     </span>
     <span class='ocr_line' id='line_1_6' title="bbox 57 595 1789 670; baseline 0 -23"><span class='ocrx_word' id='word_1_38' title='bbox 57 599 312 670; x_wconf 79' lang='grc' dir='ltr'><em>5Κύπρῳ</em></span> <span class='ocrx_word' id='word_1_39' title='bbox 365 599 580 650; x_wconf 91' lang='grc' dir='ltr'><em>πόλεων</em></span> <span class='ocrx_word' id='word_1_40' title='bbox 637 597 904 665; x_wconf 80' lang='grc' dir='ltr'><em>ἰσχύσασα</em></span> <span class='ocrx_word' id='word_1_41' title='bbox 958 597 1057 663; x_wconf 89' lang='grc' dir='ltr'><em>τὴν</em></span> <span class='ocrx_word' id='word_1_42' title='bbox 1108 599 1483 664; x_wconf 76' lang='grc' dir='ltr'><em>προσηγορίαν</em></span> <span class='ocrx_word' id='word_1_43' title='bbox 1530 595 1789 664; x_wconf 84' lang='grc' dir='ltr'><em>φυλάξαι·</em></span> 
     </span>
     <span class='ocr_line' id='line_1_7' title="bbox 103 684 1791 754; baseline -0.002 -17"><span class='ocrx_word' id='word_1_44' title='bbox 103 689 299 739; x_wconf 85' lang='grc' dir='ltr'><em>Κίτιον</em></span> <span class='ocrx_word' id='word_1_45' title='bbox 338 686 442 754; x_wconf 79' lang='grc' dir='ltr'><em>γὰρ</em></span> <span class='ocrx_word' id='word_1_46' title='bbox 490 685 597 738; x_wconf 86' lang='grc' dir='ltr'><em>ὑπὸ</em></span> <span class='ocrx_word' id='word_1_47' title='bbox 649 695 757 737; x_wconf 90' lang='grc' dir='ltr'><em>τῶν</em></span> <span class='ocrx_word' id='word_1_48' title='bbox 808 684 1271 751; x_wconf 77' lang='grc' dir='ltr'><em>ἐξελληνισάντων</em></span> <span class='ocrx_word' id='word_1_49' title='bbox 1318 684 1491 752; x_wconf 86' lang='grc' dir='ltr'><em>αὐτὴν</em></span> <span class='ocrx_word' id='word_1_50' title='bbox 1532 688 1791 750; x_wconf 79' lang='grc' dir='ltr'><em>καλεῖται,</em></span> 
     </span>
     <span class='ocr_line' id='line_1_8' title="bbox 102 771 1537 843; baseline -0.001 -17"><span class='ocrx_word' id='word_1_51' title='bbox 102 771 230 843; x_wconf 82' lang='grc' dir='ltr'><em>μηδ’</em></span> <span class='ocrx_word' id='word_1_52' title='bbox 278 774 419 826; x_wconf 84' lang='grc' dir='ltr'><em>οὕτω</em></span> <span class='ocrx_word' id='word_1_53' title='bbox 462 775 810 842; x_wconf 77' lang='grc' dir='ltr'><em>διαφυγοῦσα</em></span> <span class='ocrx_word' id='word_1_54' title='bbox 850 781 947 825; x_wconf 89' lang='grc' dir='ltr'><em>τοῦ</em></span> <span class='ocrx_word' id='word_1_55' title='bbox 990 775 1239 840; x_wconf 81' lang='grc' dir='ltr'><em>Χεθίμου</em></span> <span class='ocrx_word' id='word_1_56' title='bbox 1280 772 1537 840; x_wconf 79' lang='grc' dir='ltr'><em>τοῦνομα.</em></span> 
     </span>
     <span class='ocr_line' id='line_1_9' title="bbox 205 858 1792 931; baseline -0.002 -17"><span class='ocrx_word' id='word_1_57' title='bbox 205 860 465 931; x_wconf 82' lang='grc' dir='ltr'><em>Ἰαφέθου</em></span> <span class='ocrx_word' id='word_1_58' title='bbox 521 858 621 929; x_wconf 76' lang='grc' dir='ltr'><em>μὲν</em></span> <span class='ocrx_word' id='word_1_59' title='bbox 678 862 744 929; x_wconf 88' lang='grc' dir='ltr'><em>δὴ</em></span> <span class='ocrx_word' id='word_1_60' title='bbox 800 859 989 922; x_wconf 83' lang='grc' dir='ltr'><em>παῖδές</em></span> <span class='ocrx_word' id='word_1_61' title='bbox 1051 880 1106 912; x_wconf 91' lang='grc' dir='ltr'><em>τε</em></span> <span class='ocrx_word' id='word_1_62' title='bbox 1162 858 1250 912; x_wconf 79' lang='grc' dir='ltr'><em>καὶ</em></span> <span class='ocrx_word' id='word_1_63' title='bbox 1304 860 1501 913; x_wconf 73' lang='grc' dir='ltr'><em>υἱωνοὶ</em></span> <span class='ocrx_word' id='word_1_64' title='bbox 1556 868 1792 913; x_wconf 88' lang='grc' dir='ltr'><em>τοσαῦτα</em></span> 
     </span>
     <span class='ocr_line' id='line_1_10' title="bbox 101 945 1792 1019; baseline -0.002 -16"><span class='ocrx_word' id='word_1_65' title='bbox 101 953 265 1019; x_wconf 80' lang='grc' dir='ltr'><em>ἔσχον</em></span> <span class='ocrx_word' id='word_1_66' title='bbox 305 952 467 1018; x_wconf 82' lang='grc' dir='ltr'><em>ἔθνη·</em></span> <span class='ocrx_word' id='word_1_67' title='bbox 507 949 687 1017; x_wconf 80' lang='grc'>&lt;129&gt;</span> <span class='ocrx_word' id='word_1_68' title='bbox 722 948 750 1000; x_wconf 88' lang='grc' dir='ltr'><em>ὃ</em></span> <span class='ocrx_word' id='word_1_69' title='bbox 786 946 834 1000; x_wconf 84' lang='grc' dir='ltr'><em>δ’</em></span> <span class='ocrx_word' id='word_1_70' title='bbox 876 954 1004 1010; x_wconf 79' lang='grc' dir='ltr'><em>ἴσως</em></span> <span class='ocrx_word' id='word_1_71' title='bbox 1043 945 1138 1017; x_wconf 77' lang='grc' dir='ltr'><em>ὑφ’</em></span> <span class='ocrx_word' id='word_1_72' title='bbox 1177 946 1456 1016; x_wconf 79' lang='grc' dir='ltr'><em>Ἑλλήνων</em></span> <span class='ocrx_word' id='word_1_73' title='bbox 1498 948 1792 1016; x_wconf 81' lang='grc' dir='ltr'><em>ἀγνοεῖται,</em></span> 
     </span>
     <span class='ocr_line' id='line_1_11' title="bbox 35 1033 1794 1107; baseline -0.002 -15"><span class='ocrx_word' id='word_1_74' title='bbox 35 1061 76 1092; x_wconf 91' lang='lat'><em>10</em></span> <span class='ocrx_word' id='word_1_75' title='bbox 100 1047 261 1092; x_wconf 88' lang='grc' dir='ltr'><em>τοῦτο</em></span> <span class='ocrx_word' id='word_1_76' title='bbox 293 1039 574 1107; x_wconf 87' lang='grc' dir='ltr'><em>προειπὼν</em></span> <span class='ocrx_word' id='word_1_77' title='bbox 605 1035 871 1107; x_wconf 79' lang='grc' dir='ltr'><em>τρέψομαι</em></span> <span class='ocrx_word' id='word_1_78' title='bbox 904 1039 1040 1106; x_wconf 89' lang='grc' dir='ltr'><em>πρὸς</em></span> <span class='ocrx_word' id='word_1_79' title='bbox 1072 1038 1170 1104; x_wconf 88' lang='grc' dir='ltr'><em>τὴν</em></span> <span class='ocrx_word' id='word_1_80' title='bbox 1204 1036 1482 1105; x_wconf 78' lang='grc' dir='ltr'><em>ἀφήγησιν</em></span> <span class='ocrx_word' id='word_1_81' title='bbox 1524 1033 1600 1089; x_wconf 81' lang='grc' dir='ltr'><em>ὧν</em></span> <span class='ocrx_word' id='word_1_82' title='bbox 1642 1035 1794 1089; x_wconf 83' lang='grc' dir='ltr'><em>κατέ-</em></span> 
     </span>
     <span class='ocr_line' id='line_1_12' title="bbox 100 1122 1794 1195; baseline -0.001 -16"><span class='ocrx_word' id='word_1_83' title='bbox 100 1132 277 1180; x_wconf 91' lang='grc' dir='ltr'><em>λιπον.</em></span> <span class='ocrx_word' id='word_1_84' title='bbox 355 1128 419 1178; x_wconf 76' lang='grc' dir='ltr'><em>τὰ</em></span> <span class='ocrx_word' id='word_1_85' title='bbox 466 1127 569 1195; x_wconf 81' lang='grc' dir='ltr'><em>γὰρ</em></span> <span class='ocrx_word' id='word_1_86' title='bbox 618 1126 859 1193; x_wconf 86' lang='grc' dir='ltr'><em>ὀνόματα</em></span> <span class='ocrx_word' id='word_1_87' title='bbox 900 1126 991 1176; x_wconf 80' lang='grc' dir='ltr'><em>διὰ</em></span> <span class='ocrx_word' id='word_1_88' title='bbox 1032 1126 1090 1177; x_wconf 89' lang='grc' dir='ltr'><em>τὸ</em></span> <span class='ocrx_word' id='word_1_89' title='bbox 1145 1132 1239 1191; x_wconf 85' lang='grc' dir='ltr'><em>τῆς</em></span> <span class='ocrx_word' id='word_1_90' title='bbox 1278 1133 1491 1193; x_wconf 84' lang='grc' dir='ltr'><em>γραφῆς</em></span> <span class='ocrx_word' id='word_1_91' title='bbox 1530 1122 1794 1194; x_wconf 71' lang='grc' dir='ltr'><em>εὐπρεπὲς</em></span> 
     </span>
     <span class='ocr_line' id='line_1_13' title="bbox 98 1211 1793 1283; baseline -0.002 -15"><span class='ocrx_word' id='word_1_92' title='bbox 98 1215 418 1283; x_wconf 82' lang='grc' dir='ltr'><em>ἡλλήνισται</em></span> <span class='ocrx_word' id='word_1_93' title='bbox 475 1217 611 1283; x_wconf 90' lang='grc' dir='ltr'><em>πρὸς</em></span> <span class='ocrx_word' id='word_1_94' title='bbox 664 1214 875 1282; x_wconf 81' lang='grc' dir='ltr'><em>ἡδονὴν</em></span> <span class='ocrx_word' id='word_1_95' title='bbox 932 1223 1041 1265; x_wconf 90' lang='grc' dir='ltr'><em>τῶν</em></span> <span class='ocrx_word' id='word_1_96' title='bbox 1091 1211 1519 1280; x_wconf 80' lang='grc' dir='ltr'><em>ἐντευξομένων·</em></span> <span class='ocrx_word' id='word_1_97' title='bbox 1574 1212 1639 1265; x_wconf 86' lang='grc' dir='ltr'><em>οὐ</em></span> <span class='ocrx_word' id='word_1_98' title='bbox 1690 1214 1793 1281; x_wconf 79' lang='grc' dir='ltr'><em>γὰρ</em></span> 
     </span>
     <span class='ocr_line' id='line_1_14' title="bbox 101 1299 1794 1372; baseline -0.002 -16"><span class='ocrx_word' id='word_1_99' title='bbox 101 1302 387 1372; x_wconf 86' lang='grc' dir='ltr'><em>ἐπιχώριος</em></span> <span class='ocrx_word' id='word_1_100' title='bbox 438 1303 569 1371; x_wconf 79' lang='grc' dir='ltr'><em>ἡμῖν</em></span> <span class='ocrx_word' id='word_1_101' title='bbox 620 1303 648 1356; x_wconf 86' lang='grc' dir='ltr'>ὁ</span> <span class='ocrx_word' id='word_1_102' title='bbox 696 1311 944 1363; x_wconf 86' lang='grc' dir='ltr'><em>τοιοῦτος</em></span> <span class='ocrx_word' id='word_1_103' title='bbox 995 1301 1177 1354; x_wconf 89' lang='grc' dir='ltr'><em>αὐτῶν</em></span> <span class='ocrx_word' id='word_1_104' title='bbox 1224 1303 1420 1369; x_wconf 86' lang='grc' dir='ltr'><em>τύπος,</em></span> <span class='ocrx_word' id='word_1_105' title='bbox 1473 1299 1591 1353; x_wconf 78' lang='grc' dir='ltr'><em>ἀλλ’</em></span> <span class='ocrx_word' id='word_1_106' title='bbox 1640 1300 1700 1353; x_wconf 79' lang='grc' dir='ltr'><em>ἕν</em></span> <span class='ocrx_word' id='word_1_107' title='bbox 1739 1320 1794 1353; x_wconf 87' lang='grc' dir='ltr'><em>τε</em></span> 
     </span>
     <span class='ocr_line' id='line_1_15' title="bbox 103 1389 1794 1462; baseline -0.002 -18"><span class='ocrx_word' id='word_1_108' title='bbox 103 1392 285 1444; x_wconf 90' lang='grc' dir='ltr'><em>αὐτῶν</em></span> <span class='ocrx_word' id='word_1_109' title='bbox 311 1400 486 1462; x_wconf 83' lang='grc' dir='ltr'><em>σχῆμα</em></span> <span class='ocrx_word' id='word_1_110' title='bbox 511 1390 601 1443; x_wconf 79' lang='grc' dir='ltr'><em>καὶ</em></span> <span class='ocrx_word' id='word_1_111' title='bbox 633 1393 854 1459; x_wconf 91' lang='grc' dir='ltr'><em>τελευτὴ</em></span> <span class='ocrx_word' id='word_1_112' title='bbox 882 1394 997 1459; x_wconf 87' lang='grc' dir='ltr'><em>μία·</em></span> <span class='ocrx_word' id='word_1_113' title='bbox 1044 1391 1237 1452; x_wconf 82' lang='grc' dir='ltr'><em>Νώεός</em></span> <span class='ocrx_word' id='word_1_114' title='bbox 1261 1389 1327 1457; x_wconf 84' lang='grc' dir='ltr'><em>γε’</em></span> <span class='ocrx_word' id='word_1_115' title='bbox 1347 1410 1430 1442; x_wconf 91' lang='grc' dir='ltr'><em>τοι</em></span> <span class='ocrx_word' id='word_1_116' title='bbox 1464 1393 1592 1442; x_wconf 85' lang='grc' dir='ltr'><em>Νῶε</em></span> <span class='ocrx_word' id='word_1_117' title='bbox 1619 1394 1794 1442; x_wconf 81' lang='grc' dir='ltr'><em>καλεῖ-</em></span> 
     </span>
     <span class='ocr_line' id='line_1_16' title="bbox 34 1477 1793 1549; baseline -0.003 -15"><span class='ocrx_word' id='word_1_118' title='bbox 34 1504 75 1536; x_wconf 88' lang='lat'><em>15</em></span> <span class='ocrx_word' id='word_1_119' title='bbox 100 1501 205 1549; x_wconf 89' lang='grc' dir='ltr'><em>ται,</em></span> <span class='ocrx_word' id='word_1_120' title='bbox 245 1479 335 1533; x_wconf 83' lang='grc' dir='ltr'><em>καὶ</em></span> <span class='ocrx_word' id='word_1_121' title='bbox 374 1489 570 1534; x_wconf 87' lang='grc' dir='ltr'><em>τοῦτον</em></span> <span class='ocrx_word' id='word_1_122' title='bbox 602 1482 699 1533; x_wconf 92' lang='grc' dir='ltr'><em>τὸν</em></span> <span class='ocrx_word' id='word_1_123' title='bbox 738 1481 911 1532; x_wconf 80' lang='grc' dir='ltr'><em>τύπον</em></span> <span class='ocrx_word' id='word_1_124' title='bbox 953 1477 1040 1530; x_wconf 85' lang='grc' dir='ltr'><em>ἐπὶ</em></span> <span class='ocrx_word' id='word_1_125' title='bbox 1079 1480 1280 1540; x_wconf 91' lang='grc' dir='ltr'><em>παντὸς</em></span> <span class='ocrx_word' id='word_1_126' title='bbox 1319 1487 1474 1546; x_wconf 79' lang='grc' dir='ltr'><em>τηρεῖ</em></span> <span class='ocrx_word' id='word_1_127' title='bbox 1510 1479 1793 1547; x_wconf 88' lang='grc' dir='ltr'><em>σχήματος.</em></span> 
     </span>
     <span class='ocr_line' id='line_1_17' title="bbox 211 1565 1791 1636; baseline -0.003 -14"><span class='ocrx_word' id='word_1_128' title='bbox 211 1570 390 1636; x_wconf 82' lang='grc'>&lt;130&gt;</span> <span class='ocrx_word' id='word_1_129' title='bbox 441 1570 498 1622; x_wconf 76' lang='grc' dir='ltr'><em>οἱ</em></span> <span class='ocrx_word' id='word_1_130' title='bbox 543 1565 602 1621; x_wconf 72' lang='grc' dir='ltr'><em>δὲ</em></span> <span class='ocrx_word' id='word_1_131' title='bbox 652 1568 844 1636; x_wconf 85' lang='grc' dir='ltr'><em>Χάμου</em></span> <span class='ocrx_word' id='word_1_132' title='bbox 892 1568 1082 1629; x_wconf 85' lang='grc' dir='ltr'><em>παῖδες</em></span> <span class='ocrx_word' id='word_1_133' title='bbox 1136 1568 1237 1635; x_wconf 86' lang='grc' dir='ltr'><em>τὴν</em></span> <span class='ocrx_word' id='word_1_134' title='bbox 1286 1566 1390 1619; x_wconf 82' lang='grc' dir='ltr'><em>άπὸ</em></span> <span class='ocrx_word' id='word_1_135' title='bbox 1445 1569 1655 1635; x_wconf 89' lang='grc' dir='ltr'><em>Συρίας</em></span> <span class='ocrx_word' id='word_1_136' title='bbox 1704 1565 1791 1618; x_wconf 84' lang='grc' dir='ltr'><em>καὶ</em></span> 
     </span>
     <span class='ocr_line' id='line_1_18' title="bbox 95 1653 1793 1725; baseline -0.002 -16"><span class='ocrx_word' id='word_1_137' title='bbox 95 1655 334 1725; x_wconf 82' lang='grc' dir='ltr'><em>Ἀμάνου</em></span> <span class='ocrx_word' id='word_1_138' title='bbox 385 1655 473 1708; x_wconf 82' lang='grc' dir='ltr'><em>καὶ</em></span> <span class='ocrx_word' id='word_1_139' title='bbox 526 1657 776 1724; x_wconf 79' lang='grc' dir='ltr'><em>Λιβάνου</em></span> <span class='ocrx_word' id='word_1_140' title='bbox 831 1665 940 1708; x_wconf 90' lang='grc' dir='ltr'><em>τῶν</em></span> <span class='ocrx_word' id='word_1_141' title='bbox 994 1655 1140 1723; x_wconf 89' lang='grc' dir='ltr'><em>ὀρῶν</em></span> <span class='ocrx_word' id='word_1_142' title='bbox 1191 1662 1295 1722; x_wconf 84' lang='grc' dir='ltr'><em>γῆν</em></span> <span class='ocrx_word' id='word_1_143' title='bbox 1346 1653 1640 1724; x_wconf 78' lang='grc' dir='ltr'><em>κατέσχον,</em></span> <span class='ocrx_word' id='word_1_144' title='bbox 1692 1654 1793 1706; x_wconf 81' lang='grc' dir='ltr'><em>ὅσα</em></span> 
     </span>
     <span class='ocr_line' id='line_1_19' title="bbox 100 1741 1792 1814; baseline -0.002 -16"><span class='ocrx_word' id='word_1_145' title='bbox 100 1747 236 1814; x_wconf 89' lang='grc' dir='ltr'><em>πρὸς</em></span> <span class='ocrx_word' id='word_1_146' title='bbox 275 1745 554 1798; x_wconf 91' lang='grc' dir='ltr'><em>θάλατταν</em></span> <span class='ocrx_word' id='word_1_147' title='bbox 596 1744 761 1811; x_wconf 85' lang='grc' dir='ltr'><em>αὐτῆς</em></span> <span class='ocrx_word' id='word_1_148' title='bbox 802 1742 1088 1811; x_wconf 83' lang='grc' dir='ltr'><em>ἐτέτραπτο</em></span> <span class='ocrx_word' id='word_1_149' title='bbox 1129 1745 1558 1811; x_wconf 74' lang='grc' dir='ltr'><em>καταλαβόντες,</em></span> <span class='ocrx_word' id='word_1_150' title='bbox 1598 1741 1687 1795; x_wconf 81' lang='grc' dir='ltr'><em>καὶ</em></span> <span class='ocrx_word' id='word_1_151' title='bbox 1728 1744 1792 1794; x_wconf 77' lang='grc' dir='ltr'><em>τὰ</em></span> 
     </span>
     <span class='ocr_line' id='line_1_20' title="bbox 100 1830 1792 1903; baseline -0.002 -17"><span class='ocrx_word' id='word_1_152' title='bbox 100 1832 254 1903; x_wconf 87' lang='grc' dir='ltr'><em>μέχρι</em></span> <span class='ocrx_word' id='word_1_153' title='bbox 286 1841 385 1886; x_wconf 92' lang='grc' dir='ltr'><em>τοῦ</em></span> <span class='ocrx_word' id='word_1_154' title='bbox 419 1832 664 1885; x_wconf 84' lang='grc' dir='ltr'><em>ὠκεανοῦ</em></span> <span class='ocrx_word' id='word_1_155' title='bbox 706 1831 1135 1900; x_wconf 79' lang='grc' dir='ltr'><em>ἐξιδιωσάμενοι.</em></span> <span class='ocrx_word' id='word_1_156' title='bbox 1199 1832 1259 1882; x_wconf 78' lang='grc' dir='ltr'><em>αἱ</em></span> <span class='ocrx_word' id='word_1_157' title='bbox 1294 1830 1479 1900; x_wconf 81' lang='grc' dir='ltr'><em>μέντοι</em></span> <span class='ocrx_word' id='word_1_158' title='bbox 1520 1845 1792 1900; x_wconf 87' lang='grc' dir='ltr'><em>προσηγο-</em></span> 
     </span>
     <span class='ocr_line' id='line_1_21' title="bbox 33 1918 1792 1991; baseline -0.002 -15"><span class='ocrx_word' id='word_1_159' title='bbox 33 1947 76 1979; x_wconf 82' lang='lat'><em>20</em></span> <span class='ocrx_word' id='word_1_160' title='bbox 101 1925 213 1991; x_wconf 90' lang='grc' dir='ltr'><em>ριάι</em></span> <span class='ocrx_word' id='word_1_161' title='bbox 253 1932 364 1974; x_wconf 92' lang='grc' dir='ltr'><em>τῶν</em></span> <span class='ocrx_word' id='word_1_162' title='bbox 404 1918 503 1990; x_wconf 76' lang='grc' dir='ltr'><em>μὲν</em></span> <span class='ocrx_word' id='word_1_163' title='bbox 543 1919 633 1973; x_wconf 81' lang='grc' dir='ltr'><em>καὶ</em></span> <span class='ocrx_word' id='word_1_164' title='bbox 672 1925 950 1982; x_wconf 86' lang='grc' dir='ltr'><em>παντελῶς</em></span> <span class='ocrx_word' id='word_1_165' title='bbox 991 1919 1224 1988; x_wconf 80' lang='grc' dir='ltr'><em>ἐξίτηλοι</em></span> <span class='ocrx_word' id='word_1_166' title='bbox 1265 1922 1586 1987; x_wconf 88' lang='grc' dir='ltr'><em>γεγόνασιν,</em></span> <span class='ocrx_word' id='word_1_167' title='bbox 1630 1919 1792 1972; x_wconf 90' lang='grc' dir='ltr'><em>ἐνίων</em></span> 
     </span>
     <span class='ocr_line' id='line_1_22' title="bbox 102 2006 1793 2079; baseline -0.002 -16"><span class='ocrx_word' id='word_1_168' title='bbox 102 2007 162 2063; x_wconf 76' lang='grc' dir='ltr'><em>δὲ</em></span> <span class='ocrx_word' id='word_1_169' title='bbox 209 2013 612 2079; x_wconf 88' lang='grc' dir='ltr'><em>μεταβαλοῦσαι</em></span> <span class='ocrx_word' id='word_1_170' title='bbox 660 2007 751 2061; x_wconf 83' lang='grc' dir='ltr'><em>καὶ</em></span> <span class='ocrx_word' id='word_1_171' title='bbox 801 2013 1374 2077; x_wconf 80' lang='grc' dir='ltr'><em>μεταρρυθμισθεῖσαι</em></span> <span class='ocrx_word' id='word_1_172' title='bbox 1421 2010 1557 2075; x_wconf 86' lang='grc' dir='ltr'><em>πρὸς</em></span> <span class='ocrx_word' id='word_1_173' title='bbox 1610 2006 1793 2077; x_wconf 82' lang='grc' dir='ltr'><em>ἑτέρας</em></span> 
     </span>
     <span class='ocr_line' id='line_1_23' title="bbox 102 2093 1792 2168; baseline -0.002 -16"><span class='ocrx_word' id='word_1_174' title='bbox 102 2100 446 2167; x_wconf 84' lang='grc' dir='ltr'><em>δύσγνωστοι</em></span> <span class='ocrx_word' id='word_1_175' title='bbox 478 2098 866 2168; x_wconf 85' lang='grc' dir='ltr'><em>τυγχάνουσιν,</em></span> <span class='ocrx_word' id='word_1_176' title='bbox 908 2097 1085 2164; x_wconf 90' lang='grc' dir='ltr'><em>ὀλίγοι</em></span> <span class='ocrx_word' id='word_1_177' title='bbox 1119 2093 1181 2148; x_wconf 75' lang='grc' dir='ltr'><em>δὲ</em></span> <span class='ocrx_word' id='word_1_178' title='bbox 1219 2097 1276 2149; x_wconf 74' lang='grc' dir='ltr'><em>οἱ</em></span> <span class='ocrx_word' id='word_1_179' title='bbox 1302 2096 1639 2164; x_wconf 81' lang='grc' dir='ltr'><em>φυλάξαντες</em></span> <span class='ocrx_word' id='word_1_180' title='bbox 1672 2096 1792 2150; x_wconf 81' lang='grc' dir='ltr'><em>ἀκε-</em></span> 
     </span>
     <span class='ocr_line' id='line_1_24' title="bbox 101 2185 1791 2256; baseline -0.001 -16"><span class='ocrx_word' id='word_1_181' title='bbox 101 2189 293 2254; x_wconf 86' lang='grc' dir='ltr'><em>ραίους</em></span> <span class='ocrx_word' id='word_1_182' title='bbox 337 2188 432 2250; x_wconf 83' lang='grc' dir='ltr'><em>τὰς</em></span> <span class='ocrx_word' id='word_1_183' title='bbox 477 2189 848 2256; x_wconf 87' lang='grc' dir='ltr'><em>προσηγορίας</em></span> <span class='ocrx_word' id='word_1_184' title='bbox 893 2185 1216 2254; x_wconf 81' lang='grc' dir='ltr'><em>ὑπάρχουσι.</em></span> <span class='ocrx_word' id='word_1_185' title='bbox 1297 2185 1478 2251; x_wconf 81' lang='lat'>&lt;131&gt;</span> <span class='ocrx_word' id='word_1_186' title='bbox 1519 2186 1791 2254; x_wconf 90' lang='grc' dir='ltr'><em>τεττάρων</em></span> 
     </span>
     <span class='ocr_line' id='line_1_25' title="bbox 101 2269 1792 2344; baseline -0.001 -17"><span class='ocrx_word' id='word_1_187' title='bbox 101 2276 204 2344; x_wconf 79' lang='grc' dir='ltr'><em>γὰρ</em></span> <span class='ocrx_word' id='word_1_188' title='bbox 231 2275 423 2344; x_wconf 91' lang='grc' dir='ltr'><em>Χάμου</em></span> <span class='ocrx_word' id='word_1_189' title='bbox 448 2276 662 2328; x_wconf 88' lang='grc' dir='ltr'><em>παίδων</em></span> <span class='ocrx_word' id='word_1_190' title='bbox 694 2272 1029 2343; x_wconf 84' lang='grc' dir='ltr'><em>γενομένων,</em></span> <span class='ocrx_word' id='word_1_191' title='bbox 1072 2277 1291 2326; x_wconf 90' lang='grc' dir='ltr'><em>Χοῦσον</em></span> <span class='ocrx_word' id='word_1_192' title='bbox 1318 2269 1417 2340; x_wconf 77' lang='grc' dir='ltr'><em>μὲν</em></span> <span class='ocrx_word' id='word_1_193' title='bbox 1444 2270 1610 2326; x_wconf 74' lang='grc' dir='ltr'><em>οὐδὲν</em></span> <span class='ocrx_word' id='word_1_194' title='bbox 1636 2276 1792 2342; x_wconf 83' lang='grc' dir='ltr'><em>ἔβλα-</em></span> 
     </span>
     <span class='ocr_line' id='line_1_26' title="bbox 33 2357 1792 2432; baseline -0.002 -14"><span class='ocrx_word' id='word_1_195' title='bbox 33 2387 77 2419; x_wconf 83' lang='lat'><em>25</em></span> <span class='ocrx_word' id='word_1_196' title='bbox 101 2372 205 2427; x_wconf 82' lang='grc' dir='ltr'><em>ψεν</em></span> <span class='ocrx_word' id='word_1_197' title='bbox 246 2364 275 2416; x_wconf 87' lang='grc' dir='ltr'>ὁ</span> <span class='ocrx_word' id='word_1_198' title='bbox 315 2366 537 2432; x_wconf 87' lang='grc' dir='ltr'><em>χρόνος·</em></span> <span class='ocrx_word' id='word_1_199' title='bbox 589 2364 857 2425; x_wconf 80' lang='grc' dir='ltr'><em>Αἰθίοπες</em></span> <span class='ocrx_word' id='word_1_200' title='bbox 897 2363 1030 2430; x_wconf 90' lang='grc' dir='ltr'><em>γάρ,</em></span> <span class='ocrx_word' id='word_1_201' title='bbox 1084 2357 1161 2414; x_wconf 77' lang='grc' dir='ltr'><em>ὧν</em></span> <span class='ocrx_word' id='word_1_202' title='bbox 1201 2358 1394 2430; x_wconf 80' lang='grc' dir='ltr'><em>ἧρξεν,</em></span> <span class='ocrx_word' id='word_1_203' title='bbox 1441 2362 1519 2413; x_wconf 83' lang='grc' dir='ltr'><em>ἔτι</em></span> <span class='ocrx_word' id='word_1_204' title='bbox 1558 2360 1648 2413; x_wconf 81' lang='grc' dir='ltr'><em>καὶ</em></span> <span class='ocrx_word' id='word_1_205' title='bbox 1687 2371 1792 2415; x_wconf 92' lang='grc' dir='ltr'><em>νῦν</em></span> 
     </span>
     <span class='ocr_line' id='line_1_27' title="bbox 101 2447 1791 2521; baseline -0.001 -18"><span class='ocrx_word' id='word_1_206' title='bbox 101 2448 197 2521; x_wconf 86' lang='grc' dir='ltr'><em>ὑφ’</em></span> <span class='ocrx_word' id='word_1_207' title='bbox 245 2449 454 2503; x_wconf 85' lang='grc' dir='ltr'><em>ἑαυτῶν</em></span> <span class='ocrx_word' id='word_1_208' title='bbox 493 2470 548 2502; x_wconf 90' lang='grc' dir='ltr'><em>τε</em></span> <span class='ocrx_word' id='word_1_209' title='bbox 588 2448 677 2502; x_wconf 84' lang='grc' dir='ltr'><em>καὶ</em></span> <span class='ocrx_word' id='word_1_210' title='bbox 717 2460 826 2502; x_wconf 91' lang='grc' dir='ltr'><em>τῶν</em></span> <span class='ocrx_word' id='word_1_211' title='bbox 868 2449 927 2502; x_wconf 85' lang='grc' dir='ltr'><em>ἐν</em></span> <span class='ocrx_word' id='word_1_212' title='bbox 969 2457 1032 2518; x_wconf 77' lang='grc' dir='ltr'><em>τῇ</em></span> <span class='ocrx_word' id='word_1_213' title='bbox 1069 2447 1222 2520; x_wconf 77' lang='grc' dir='ltr'><em>Ἀσία</em></span> <span class='ocrx_word' id='word_1_214' title='bbox 1260 2449 1483 2501; x_wconf 88' lang='grc' dir='ltr'><em>πάντων</em></span> <span class='ocrx_word' id='word_1_215' title='bbox 1526 2452 1791 2502; x_wconf 76' lang='grc' dir='ltr'><em>Χουσαῖοι</em></span> 
     </span>
     <span class='ocr_line' id='line_1_28' title="bbox 103 2534 1792 2607; baseline -0.002 -15"><span class='ocrx_word' id='word_1_216' title='bbox 103 2544 412 2593; x_wconf 84' lang='grc' dir='ltr'><em>καλοῦνται.</em></span> <span class='ocrx_word' id='word_1_217' title='bbox 491 2539 672 2606; x_wconf 77' lang='grc'>&lt;132&gt;</span> <span class='ocrx_word' id='word_1_218' title='bbox 707 2538 946 2607; x_wconf 86' lang='grc' dir='ltr'><em>ἐτηρήθη</em></span> <span class='ocrx_word' id='word_1_219' title='bbox 989 2534 1049 2590; x_wconf 76' lang='grc' dir='ltr'><em>δὲ</em></span> <span class='ocrx_word' id='word_1_220' title='bbox 1089 2536 1180 2589; x_wconf 85' lang='grc' dir='ltr'><em>καὶ</em></span> <span class='ocrx_word' id='word_1_221' title='bbox 1211 2540 1548 2605; x_wconf 87' lang='grc' dir='ltr'><em>Μεστραίοις</em></span> <span class='ocrx_word' id='word_1_222' title='bbox 1585 2536 1617 2604; x_wconf 82' lang='grc' dir='ltr'>ἡ</span> <span class='ocrx_word' id='word_1_223' title='bbox 1659 2538 1792 2589; x_wconf 80' lang='grc' dir='ltr'><em>κατὰ</em></span> 
     </span>
     <span class='ocr_line' id='line_1_29' title="bbox 102 2623 1791 2696; baseline -0.002 -15"><span class='ocrx_word' id='word_1_224' title='bbox 102 2629 204 2696; x_wconf 86' lang='grc' dir='ltr'><em>τὴν</em></span> <span class='ocrx_word' id='word_1_225' title='bbox 242 2629 618 2696; x_wconf 90' lang='grc' dir='ltr'><em>προσηγορίαν</em></span> <span class='ocrx_word' id='word_1_226' title='bbox 659 2628 864 2694; x_wconf 86' lang='grc' dir='ltr'><em>μνήμη·</em></span> <span class='ocrx_word' id='word_1_227' title='bbox 917 2627 1017 2694; x_wconf 87' lang='grc' dir='ltr'><em>τὴν</em></span> <span class='ocrx_word' id='word_1_228' title='bbox 1058 2627 1161 2693; x_wconf 80' lang='grc' dir='ltr'><em>γὰρ</em></span> <span class='ocrx_word' id='word_1_229' title='bbox 1203 2630 1488 2692; x_wconf 78' lang='grc' dir='ltr'><em>Αἴγυπτον</em></span> <span class='ocrx_word' id='word_1_230' title='bbox 1529 2623 1791 2694; x_wconf 88' lang='grc' dir='ltr'><em>Μέστρην</em></span> 
     </span>
     <span class='ocr_line' id='line_1_30' title="bbox 104 2713 1791 2783; baseline -0.002 -16"><span class='ocrx_word' id='word_1_231' title='bbox 104 2715 194 2768; x_wconf 81' lang='grc' dir='ltr'><em>καὶ</em></span> <span class='ocrx_word' id='word_1_232' title='bbox 247 2717 599 2783; x_wconf 88' lang='grc' dir='ltr'><em>Μεστραίους</em></span> <span class='ocrx_word' id='word_1_233' title='bbox 653 2717 780 2776; x_wconf 85' lang='grc' dir='ltr'><em>τοὺς</em></span> <span class='ocrx_word' id='word_1_234' title='bbox 835 2716 1174 2781; x_wconf 83' lang='grc' dir='ltr'><em>Αἰγυπτίους</em></span> <span class='ocrx_word' id='word_1_235' title='bbox 1229 2714 1462 2774; x_wconf 79' lang='grc' dir='ltr'><em>ἅπαντες</em></span> <span class='ocrx_word' id='word_1_236' title='bbox 1518 2713 1575 2765; x_wconf 78' lang='grc' dir='ltr'><em>οἱ</em></span> <span class='ocrx_word' id='word_1_237' title='bbox 1624 2714 1791 2783; x_wconf 82' lang='grc' dir='ltr'><em>ταύτῃ</em></span> 
     </span>
     <span class='ocr_line' id='line_1_31' title="bbox 39 2799 1793 2872; baseline -0.002 -14"><span class='ocrx_word' id='word_1_238' title='bbox 39 2829 82 2862; x_wconf 83' lang='lat'><em>30</em></span> <span class='ocrx_word' id='word_1_239' title='bbox 105 2808 394 2872; x_wconf 86' lang='grc' dir='ltr'><em>καλοῦμεν.</em></span> <span class='ocrx_word' id='word_1_240' title='bbox 458 2805 630 2854; x_wconf 80' lang='grc' dir='ltr'><em>ἔκτισε</em></span> <span class='ocrx_word' id='word_1_241' title='bbox 666 2799 725 2854; x_wconf 71' lang='grc' dir='ltr'><em>δὲ</em></span> <span class='ocrx_word' id='word_1_242' title='bbox 758 2800 847 2854; x_wconf 82' lang='grc' dir='ltr'><em>καὶ</em></span> <span class='ocrx_word' id='word_1_243' title='bbox 875 2803 1093 2870; x_wconf 86' lang='grc' dir='ltr'><em>Φούτης</em></span> <span class='ocrx_word' id='word_1_244' title='bbox 1131 2802 1231 2868; x_wconf 84' lang='grc' dir='ltr'><em>τὴν</em></span> <span class='ocrx_word' id='word_1_245' title='bbox 1262 2801 1500 2868; x_wconf 90' lang='grc' dir='ltr'><em>Λιβύην,</em></span> <span class='ocrx_word' id='word_1_246' title='bbox 1542 2802 1793 2863; x_wconf 88' lang='grc' dir='ltr'><em>Φούτους</em></span> 
     </span>
     <span class='ocr_line' id='line_1_32' title="bbox 225 2902 736 2957; baseline 0 -11"><span class='ocrx_word' id='word_1_247' title='bbox 225 2909 249 2957; x_wconf 62' lang='grc' dir='ltr'>ξ</span> <span class='ocrx_word' id='word_1_248' title='bbox 283 2908 367 2948; x_wconf 83' lang='grc'><em>128</em></span> <span class='ocrx_word' id='word_1_249' title='bbox 395 2925 450 2939; x_wconf 92' lang='lat'>=</span> <span class='ocrx_word' id='word_1_250' title='bbox 476 2902 589 2947; x_wconf 85' lang='lat' dir='ltr'>Gen.</span> <span class='ocrx_word' id='word_1_251' title='bbox 624 2902 665 2944; x_wconf 89' lang='lat' dir='ltr'>X</span> <span class='ocrx_word' id='word_1_252' title='bbox 698 2908 736 2946; x_wconf 83' lang='lat'><em>5.</em></span> 
     </span>
    </p>
   </div>
  </div>
 </body>
</html>
