2052 3141
837 92 1112 133 TETAPTH
1706 93 1813 146 239

128 226 486 293 διαφθείρητε
518 225 618 292 τὴν
649 223 881 293 πάτριον
913 227 1209 278 πολιτείαν.
1286 226 1467 295 <192>
1507 229 1584 279 ἔτι
1626 224 1686 279 δὲ
1726 227 1816 280 καὶ

126 315 347 380 βωμοὺς
383 310 475 364 καὶ
507 312 644 380 ἄλση
677 310 768 363 καὶ
806 312 942 374 νεὼς
983 312 1221 375 ὁπόσους
1261 316 1437 382 ἔχοιεν
1476 318 1815 384 κατερείπειν

126 410 403 468 παραινῶ,
450 398 542 452 καὶ
590 401 841 452 δαπανᾶν
889 399 1023 468 πυρὶ
1061 403 1122 453 τὸ
1163 400 1322 468 γένος
1362 403 1546 456 αὐτῶν
1586 402 1675 456 καὶ
1716 405 1816 472 τὴν

126 490 367 556 μνήμην·
415 491 610 557 βεβαία
657 489 760 557 γὰρ
809 487 878 541 ἂν
926 489 1100 551 οὕτως
1138 488 1271 557 ὑμῖν
1311 493 1485 558 μόνον
1523 491 1816 561 ὑπάρξειεν

81 576 156 644 δὴ
203 585 315 629 τῶν
361 577 580 629 οἰκείων
626 575 855 644 ἀγαθῶν
904 576 1187 646 ἀσφάλεια.
1265 579 1445 647 <193>
1492 580 1584 631 ἵνα
1633 577 1692 633 δὲ
1742 582 1814 649 μὴ

125 662 195 716 δι’
244 663 491 732 ἀμαθίαν
540 672 639 718 τοῦ
694 668 1003 734 κρείττονος
1052 665 1085 732 ἡ
1137 667 1304 734 φύσις
1357 666 1514 735 ὑμῶν
1569 670 1705 737 πρὸς
1754 671 1815 722 τὸ

123 761 310 821 χεῖρον
350 752 655 822 ἀπονεύσῃ,
704 751 986 822 συνέθηκα
1025 753 1159 822 ὑμῖν
1198 753 1288 807 καὶ
1328 758 1559 824 νόμους,
1610 757 1815 825 ὑπαγο-

125 841 422 909 ρεύσαντός
453 861 546 908 μοι
578 848 676 893 τοῦ
708 847 867 909 θεοῦ,
906 840 996 893 καὶ
1029 846 1329 911 πολιτείαν,
1369 840 1431 912 ἧς
1469 847 1566 898 τὸν
1605 848 1814 914 κόσμον

122 927 460 997 φυλάξαντες
498 929 721 981 πάντων
762 928 830 981 ἂν
871 929 1353 998 εὐδαιμονέστατοι
1393 932 1708 1001 κριθείητε.’

58 1029 99 1062 10
235 1017 416 1085 <194>
455 1015 607 1070 ταῦτ’
647 1018 817 1069 εἰπὼν
854 1018 1085 1071 δίδωσιν
1125 1019 1311 1081 αὐτοῖς
1352 1019 1411 1072 ἐν
1450 1024 1646 1093 βιβλίῳ
1685 1024 1813 1084 τοὺς

123 1107 330 1173 νόμους
361 1103 454 1157 καὶ
476 1106 578 1173 τὴν
604 1104 851 1168 διάταξιν
884 1113 977 1173 τῆς
1007 1109 1282 1169 πολιτειάς
1307 1106 1813 1178 ἀναγεγραμμένην.

123 1196 181 1245 οἳ
229 1191 279 1244 δ’
329 1192 601 1263 ἐδάκρυόν
652 1212 707 1245 τε
755 1191 845 1245 καὶ
896 1195 1108 1262 πολλὴν
1164 1194 1474 1264 ἐπιζήτησιν
1524 1195 1813 1250 ἐποιοῦντο

121 1289 219 1334 τοῦ
274 1290 610 1351 στρατηγοῦ,
664 1280 1000 1350 μεμνημένοι
1054 1302 1110 1334 τε
1163 1278 1240 1335 ὧν
1292 1286 1668 1337 κινδυνεύσειε
1723 1284 1814 1338 καὶ

121 1373 513 1439 προθυμηθείη
565 1378 658 1438 τῆς
696 1368 820 1439 περὶ
860 1370 1042 1423 αὐτῶν
1084 1374 1377 1441 σωτηρίας,
1425 1372 1516 1425 καὶ
1556 1375 1812 1426 δυσελπι-

56 1469 96 1502 15
123 1466 380 1521 στοῦντες
419 1457 543 1527 περὶ
581 1467 691 1511 τῶν
739 1460 1054 1526 μελλόντων
1095 1459 1167 1521 ὡς
1206 1460 1306 1513 οὐκ
1346 1459 1608 1530 ἐσομένης
1647 1462 1815 1530 ἄλλης

121 1545 290 1616 ἀρχῆς
322 1548 593 1616 τοιαύτης,
632 1543 796 1615 ἧττόν
828 1567 883 1600 τε
916 1556 1016 1600 τοῦ
1047 1553 1186 1601 θεοῦ
1226 1549 1680 1618 προνοησομένου
1723 1552 1814 1602 διὰ

122 1637 183 1688 τὸ
234 1637 490 1704 Μωυσῆν
545 1632 687 1688 εἶναι
736 1637 832 1689 τὸν
884 1641 1320 1705 παρακαλοῦντα.
1405 1638 1588 1706 <195>
1635 1633 1713 1691 ὧν
1761 1637 1805 1691 τ’

121 1720 207 1775 ἐπὶ
254 1730 347 1791 τῆς
394 1722 601 1793 ἐρήμου
651 1722 763 1792 μετ’
812 1724 978 1793 ὀργῆς
1026 1725 1347 1793 ὁμιλήσειαν
1398 1726 1543 1798 αὐτῷ
1586 1746 1812 1795 μετανο-

120 1818 310 1873 οῦντες
348 1813 585 1880 ῆλγουν,
634 1812 706 1874 ὡς
745 1814 957 1865 ἅπαντα
998 1815 1095 1866 τὸν
1136 1816 1272 1867 λαὸν
1312 1816 1389 1877 είς
1430 1815 1640 1884 δάκρυα
1679 1833 1812 1884 προ-

52 1912 95 1944 20
119 1902 358 1952 πεσόντα
396 1909 645 1967 κρεῖττον
684 1899 775 1953 καὶ
814 1908 907 1968 τῆς
947 1900 1005 1953 ἐκ
1037 1904 1207 1970 λόγου
1239 1906 1578 1972 παρηγορίας
1617 1905 1677 1956 τὸ
1719 1901 1804 1955 ἐπ’

117 1986 263 2059 αὐτῷ
311 1996 536 2056 ποιῆσαι
581 1989 776 2051 πάθος.
853 1992 1102 2058 Μωυσῆς
1151 1989 1200 2042 δ’
1249 1992 1453 2053 αὐτοὺς
1490 1994 1811 2061 παρηγόρει,

115 2073 205 2127 καὶ
253 2083 353 2128 τοῦ
403 2077 659 2145 δακρύων
706 2075 875 2130 αὐτὸν
927 2076 1082 2140 ἄξιον
1121 2077 1541 2147 ὑπολαμβάνειν
1582 2079 1810 2147 ἀπάγων

115 2163 316 2226 αὐτοὺς
353 2170 595 2234 χρῆσθαι
634 2172 697 2234 τῇ
737 2168 983 2236 πολιτείᾳ
1020 2167 1351 2235 παρεκάλει-

225 2250 407 2318 <196>
439 2250 529 2303 καὶ
562 2255 681 2304 τότε
715 2249 814 2320 μὲν
856 2253 998 2305 οὕτω
1032 2254 1394 2322 διελύθησαν·
1436 2257 1706 2324 βούλομαι
1749 2253 1810 2308 δὲ

50 2352 92 2384 25
117 2339 221 2406 τὴν
267 2343 547 2392 πολιτείαν
593 2342 864 2409 πρότερον
911 2342 1080 2394 εἰπὼν
1131 2350 1205 2412 τῷ
1245 2362 1301 2395 τε
1341 2343 1615 2406 Μωυσέος
1654 2343 1811 2406 ἀξιώ-

119 2446 252 2494 ματι
285 2425 377 2478 καὶ
409 2435 503 2495 τῆς
535 2427 727 2497 ἀρετῆς
758 2427 1163 2497 ἀναλογοῦσαν,
1202 2429 1292 2482 καὶ
1323 2437 1526 2499 μαθεῖν
1558 2429 1811 2501 παρέχων

119 2512 195 2566 δι’
228 2514 393 2582 αὐτῆς
424 2513 539 2576 τοῖς
572 2513 977 2583 ἐντευξομένοις
1009 2509 1098 2568 οἷα
1130 2517 1195 2569 τὰ
1227 2516 1354 2569 καθ’
1386 2518 1525 2586 ἡμᾶς
1564 2517 1809 2588 ἀρχῆθεν

116 2598 218 2670 ἧν,
269 2603 442 2665 οὕτως
492 2601 580 2655 ἐπὶ
629 2604 731 2670 τὴν
781 2611 891 2655 τῶν
943 2604 1126 2656 ἄλλων
1180 2604 1484 2674 τραπέσθαι
1537 2607 1807 2675 διήγησιν.

123 2688 418 2760 γέγραπται
452 2687 513 2742 δὲ
543 2688 716 2743 πάνθ’
751 2691 852 2743 ὅσα
885 2689 1091 2755 ἐκεῖνος
1114 2692 1420 2762 κατέλιπεν,
1453 2691 1620 2748 οὐδὲν
1651 2695 1806 2763 ἡμῶν

47 2789 90 2822 30
117 2776 204 2830 ἐπὶ
235 2783 600 2850 καλλωπισμῷ
633 2778 1014 2849 προσθέντων,
1047 2779 1167 2834 οὐδ’
1199 2781 1228 2833 ὅ
1263 2802 1313 2834 τι
1345 2784 1417 2851 μὴ
1451 2781 1802 2836 καταλέλοιπε

231 2883 255 2932 ξ
290 2883 372 2922 192
400 2879 667 2924 π’ΒθυτθΥ.
702 2879 789 2923 ΧΠ
822 2884 862 2924 2.
988 2889 1011 2937 ξ
1047 2885 1132 2925 194
1158 2904 1213 2918 =
1238 2882 1424 2928 Denter.
1457 2883 1499 2928 V
1533 2890 1569 2927 1.
