1975 3111
160 105 227 156 12
768 106 1220 148 ΑΡΧΑΙΟΛΟΓΙΑΣ

158 237 218 292 δὲ
257 247 496 300 τοκετοῖς
539 237 630 290 καὶ
679 248 795 301 ταῖς
844 238 898 302 ἐξ
952 239 1170 292 ὠδίνων
1218 239 1518 307 ἀλγηδόσιν
1570 239 1841 307 ἐκόλαζεν,

159 327 241 379 ὅτι
280 329 376 380 τὸν
403 325 667 396 Ἄδαμον,
707 320 789 389 οἷς
827 327 999 395 αὐτὴν
1040 327 1068 380 ὁ
1110 329 1236 396 ὄφις
1275 327 1589 396 ἐξηπάτησε,
1628 329 1841 389 τούτοις

156 414 651 485 παρακρουσαμένη
679 424 987 485 συμφοραῖς
1010 414 1346 485 περιέβαλεν.
1410 417 1553 483 <5Ο>
1588 415 1839 485 ἀφείλετο

159 500 217 555 δὲ
267 502 356 555 καὶ
403 506 500 556 τὸν
541 505 671 573 ὅφιν
711 505 812 572 τὴν
851 506 1072 573 φωνήν,
1132 503 1414 572 ὀργισθεὶς
1454 502 1539 556 ἐπὶ
1580 512 1642 573 τῇ
1684 524 1843 556 κακο-

158 594 323 662 ηθείᾳ
356 599 418 661 τῇ
452 594 587 661 πρὸς
617 594 715 645 τὸν
740 590 1005 660 ’Ἀδαμον,
1045 591 1134 644 καὶ
1169 594 1255 645 ι’ὸν
1289 591 1572 660 ἐντίθησιν
1605 591 1711 644 ὑπὸ
1743 593 1843 659 τὴν
1889 605 1909 636 5

158 683 404 746 γλῶτταν
456 681 635 752 αὐτῷ,
684 679 949 748 πολέμιον
1008 680 1298 744 ἀποδείξας
1352 680 1700 749 ἀνθρώποις,
1755 678 1844 731 καὶ

158 767 503 836 ὑποθέμενος
541 769 675 820 κατὰ
714 777 808 836 τῆς
857 774 1095 837 κεφαλῆς
1132 768 1322 838 φέρειν
1360 771 1454 831 τὰς
1492 769 1725 837 πληγάς,
1773 769 1844 829 ὡς

160 854 219 907 ἐν
260 855 438 927 ἐκείνῃ
479 865 577 910 τοῦ
616 876 672 909 τε
711 865 883 910 κακοῦ
915 866 1013 910 τοῦ
1045 860 1181 926 πρὸς
1220 857 1551 927 ἀνθρώπους
1589 855 1844 925 κειμένου

158 942 247 995 καὶ
298 952 391 1012 τῆς
440 949 692 1012 τελευτῆς
743 943 944 1015 ῥᾴστης
994 954 1107 1007 τοῖς
1153 944 1519 1014 ἀμυνομένοις
1567 944 1844 1013 ἐσομένης,

158 1033 346 1085 ποδῶν
385 1029 432 1084 τ’
479 1033 647 1086 αὐτὸν
698 1032 1073 1102 ἀποστερήσας
1122 1035 1390 1103 σύρεσθαι
1437 1035 1570 1085 κατὰ
1618 1041 1709 1101 τῆς
1749 1040 1845 1100 γῆς
1871 1046 1911 1077 10

160 1122 542 1189 ἰλυσπώμενον
584 1120 852 1188 ἐποιήσεν.

272 1209 415 1277 <51>
455 1207 546 1260 καὶ
580 1209 607 1262 ὁ
642 1206 741 1276 μὲν
784 1212 934 1275 θεός,
974 1218 1140 1262 ταῦτα
1180 1210 1484 1276 προστάξας
1524 1210 1709 1271 αὐτοῖς
1746 1210 1845 1261 πα-

160 1312 338 1366 σχειν,
386 1300 670 1364 μετοικίζει
718 1299 814 1349 τὸν
849 1296 1094 1365 ’Ἀδαμον
1141 1297 1230 1349 καὶ
1278 1300 1376 1365 τὴν
1417 1297 1598 1350 Εὐέαν
1651 1297 1708 1349 ἐκ
1748 1305 1845 1350 τοῦ

99 1392 132 1442 2
158 1388 336 1453 κήπου
369 1386 446 1447 είς
480 1384 666 1452 ἕτερον
698 1388 922 1454 χωρίον,
964 1387 1106 1452 <52>
1135 1390 1380 1453 γίνονται
1416 1383 1463 1437 δ’
1504 1386 1688 1447 αὐτοῖς
1724 1395 1844 1437 παῖ-

160 1476 249 1535 δες
288 1474 512 1541 ἄρρενες
553 1473 674 1540 δύο,
713 1475 1150 1541 προσηγορεύετο
1185 1471 1232 1525 δ’
1273 1475 1454 1526 αὐτῶν
1495 1474 1522 1527 ὁ
1564 1471 1663 1541 μὲν
1701 1483 1845 1541 πρῶ-
1872 1488 1912 1518 15

160 1581 251 1623 τος
284 1561 422 1622 Κάϊς
462 1559 677 1630 (κτῆσιν
712 1557 769 1612 δὲ
806 1564 1057 1628 σημαίνει
1092 1570 1250 1614 τοῦτο
1293 1564 1844 1629 μεθερμηνευόμενον

161 1649 459 1719 τοῦνομα),
493 1647 720 1716 ’Ἀβελος
761 1646 819 1700 δὲ
862 1650 889 1701 ὁ
933 1651 1185 1715 δεύτερος
1226 1651 1500 1717 (σημαίνει
1542 1647 1599 1701 δὲ
1641 1649 1848 1711 πένθος

160 1736 362 1806 τοῦτο).
441 1740 686 1804 γίνονται
738 1734 787 1788 δ’
842 1737 1026 1799 αὐτοῖς
1073 1737 1158 1789 καὶ
1209 1737 1522 1805 θυγατέρες.
1602 1739 1744 1805 <53>
1794 1739 1851 1790 οἷ

161 1828 261 1893 μὲν
324 1822 426 1878 οὖν
481 1824 710 1894 ἀδελφοὶ
779 1828 1067 1893 διαφόροις
1122 1829 1342 1895 ε”χαιρον
1406 1826 1844 1893 ἐπιτηδεύμασιν.

147 1913 374 1982 ’Ἄβελος
424 1911 524 1981 μὲν
576 1915 679 1981 γαρ
729 1915 757 1966 ὁ
798 1916 1062 1982 νεώτερος
1115 1917 1466 1982 δικαιοσύνης
1518 1914 1845 1981 ἐπεμελεῖτο,
1870 1930 1912 1959 20
1956 1946 1963 1950 -

162 2001 251 2053 καὶ
302 2010 434 2053 πᾶσι
488 2012 599 2064 τοῖς
648 2000 740 2053 ὑπ’
789 2003 959 2055 αὐτοῦ
1009 2002 1398 2071 πραττομένοις
1448 2012 1700 2069 παρεῖναι
1750 2005 1844 2054 τὸν

159 2092 297 2142 θεὸν
348 2093 584 2158 νομίζων
633 2090 825 2158 αρετῆς
863 2102 1209 2157 προννοεῖτο·
1258 2093 1569 2158 ποιμενικὸς
1610 2088 1659 2142 δ’
1709 2087 1774 2158 ἧν
1815 2091 1842 2141 ὁ

161 2181 279 2245 βιός
325 2178 500 2247 αὐτῷ·
565 2179 701 2239 Καϊς
749 2176 807 2229 δὲ
857 2180 919 2230 τιὲ
961 2177 1005 2231 τ’
1052 2182 1189 2231 ἄλλα
1238 2182 1607 2248 πονηρότατος
1650 2176 1714 2246 ἢν
1755 2177 1843 2230 καὶ

160 2268 295 2334 πρὸς
341 2268 401 2318 τὸ
454 2268 763 2334 κερδαίνειν
814 2270 986 2334 μόνον
1028 2267 1383 2335 ἀποβλέπων.
1438 2276 1538 2334 γῆν
1581 2265 1622 2319 τ’
1671 2267 1844 2335 αροῦν

162 2354 419 2421 ἐπενόησε
468 2364 708 2423 πρῶτος,
760 2354 849 2406 καὶ.
901 2360 1097 2407 κτείνει
1152 2359 1245 2408 τον
1294 2356 1536 2423 ἀδελφὺν
1579 2355 1631 2418 ἐξ
1674 2357 1845 2416 αι’τίας
1869 2369 1910 2399 2⁵

162 2444 429 2510 τοιαύτης.
508 2445 647 2509 <54>
687 2449 858 2496 θῦσαι
911 2453 982 2514 τῷ
1033 2450 1146 2515 θεῷ
1198 2446 1363 2507 δόξαν
1412 2445 1625 2505 αὐτοῖς,
1677 2445 1704 2496 ὁ
1746 2440 1846 2511 μὲν

164 2531 299 2592 Καϊς
339 2533 465 2592 τοὺς
505 2530 610 2583 ἀπὸ
651 2540 744 2599 τῆς
785 2537 1047 2598 γεωργίας
1094 2531 1181 2584 καὶ.
1231 2543 1339 2585 τῶν
1378 2542 1566 2600 φυτῶν
1607 2534 1846 2598 καρποὺς

163 2618 488 2686 ἐπήνεγκεν,
533 2618 755 2687 ’Ἄβελος
812 2617 868 2671 δὶ-
928 2621 1063 2686 γαλα
1120 2620 1203 2672 καὶ
1264 2623 1324 2672 τα
1373 2624 1686 2687 πρωτότοκα
1738 2628 1846 2670 τῶν

163 2708 538 2775 βοσκημάτων.
597 2709 624 2759 ὁ
660 2705 719 2759 δὲ
751 2710 882 2769 θεὸς
908 2710 1073 2777 ταύτῃ
1101 2713 1309 2775 μᾶλλον
1348 2710 1526 2775 ἣδεται.
1561 2715 1622 2775 τῇ
1658 2710 1845 2776 θυσίᾳ,

163 2805 275 2856 τοῖς
322 2795 646 2861 αὐτομάτοις
693 2793 780 2846 καὶ
828 2797 959 2846 κατὰ
1008 2797 1179 2863 φύσιν
1231 2800 1478 2862 γεγονόσι
1529 2797 1913 2863 τιμώμειιι)ς.30

281 2902 304 2947 ἓ
339 2901 394 2938 50
421 2916 473 2931 =
501 2896 610 2936 (ἶοιι.
651 2895 707 2936 ΙΙΙ
746 2902 795 2938 14
