2052 3141
884 86 1094 128 ΠΡΩΤΗ
1765 83 1832 134 57

146 222 414 292 κειμένων
447 225 524 285 εἰς
556 224 616 274 τὸ
652 220 880 283 ἐκείνοις
911 217 1307 290 κεχαρισμένον
1340 220 1438 286 τὴν
1464 218 1839 286 Βασεμμάθην

149 311 178 364 ὁ
214 309 459 373 ’Ἠσαυος
505 307 812 379 παρέλαβε,
868 309 1101 377 μάλιστα
1132 306 1257 376 περὶ
1297 307 1470 375 αὐτὴν
1511 306 1838 368 σπουδάσας.

262 399 440 466 <278>
475 395 731 466 Ἰάκωβος
780 394 829 449 δ’
877 399 953 458 εἰς
1000 398 1100 465 τὴν
1140 397 1575 464 Μεσοποταμίαν
1624 396 1841 446 στελλό-
1864 396 1927 448 19

147 507 310 556 μενος
341 487 449 540 ὑπὸ
483 493 576 554 τῆς
608 487 810 554 μητρὸς
841 486 975 537 κατὰ
1015 485 1193 553 γάμον
1232 491 1326 551 τῆς
1361 483 1626 551 Λαβάνου
1665 487 1842 549 θυγα-

101 577 271 645 5τρὸς
318 583 416 628 τοῦ
467 574 677 643 ἐκείνης
724 573 1005 642 ἀδελφοῦ,
1060 570 1449 642 ἐπιτρέψαντος
1489 569 1703 624 Ἰσάκου
1744 572 1842 623 τὸν

145 664 323 732 γάμον
364 664 455 715 διὰ
495 665 554 716 τὸ
595 666 893 715 πείθεσθαι
927 670 1041 723 τοῖς
1080 662 1390 729 βουλήμασι
1431 667 1523 727 τῆς
1564 661 1842 727 γυναικός,

147 753 238 804 διὰ
284 759 378 819 τῆς
426 754 738 813 Χαναναίας
787 749 1103 819 ἐπορεύετο,
1152 747 1243 801 καὶ
1291 749 1381 801 διὰ
1430 750 1488 800 τὸ
1538 750 1673 817 πρὸς
1712 749 1840 809 τοὺς

147 839 472 909 ἐπιχωρίους
520 848 677 908 μῖσος
718 837 848 908 παρ’
905 836 1092 890 οὐδενὶ
1141 834 1241 906 μὲν
1289 836 1445 905 ἠξίου
1486 837 1840 909 κατάγεσθαι,

146 928 327 995 <279>
367 927 644 997 ὕπαιθρος
684 925 732 978 δ’
780 927 1056 995 ηὐλίζετο,
1097 927 1197 993 τὴν
1236 927 1479 994 κεφαλὴν
1521 928 1702 988 λίθοις
1742 924 1832 978 ὑπ’

83 1032 124 1063 10
148 1016 319 1069 αὐτοῦ
375 1014 859 1085 συμφορουμένοις
907 1014 1184 1076 ἐπιτιθείς.
1262 1013 1352 1066 καὶ
1399 1015 1659 1082 τοιαύτην
1710 1015 1843 1066 κατὰ

149 1107 277 1167 τοὺς
329 1104 540 1167 ὕπνους
601 1104 732 1167 ὄψιν
797 1104 900 1174 ὁρᾷ
954 1110 1310 1172 παραστᾶσαν
1366 1102 1530 1173 αὐτῷ.
1610 1105 1843 1170 κλίμακα

149 1198 325 1261 γῆθεν
365 1192 553 1256 ἔδοξεν
595 1190 999 1261 ἐφικνουμένην
1040 1199 1138 1244 τοῦ
1181 1191 1424 1260 οὐρανοῦ
1464 1188 1715 1259 βλέπειν,
1755 1189 1845 1242 καὶ

152 1282 243 1334 διὰ
276 1282 473 1349 ταύτης
506 1283 658 1344 ὄψεις
690 1281 981 1342 κατιούσας
1022 1282 1352 1348 σεμνότερον
1392 1279 1424 1347 ἢ
1466 1278 1577 1331 κατ’
1626 1278 1844 1349 ἀνθρώ-

150 1387 259 1423 που
313 1370 486 1438 φύσιν
533 1368 796 1439 ἐχούσας,
850 1367 939 1420 καὶ
987 1373 1300 1420 τελευταῖον
1347 1364 1484 1437 ὑπὲρ
1534 1367 1698 1435 αὐτῆς
1748 1369 1845 1419 τὸν

86 1473 127 1505 15
151 1461 289 1511 θεὸν
330 1457 572 1527 ἐναργῶς
611 1458 756 1528 αὐτῷ
807 1459 1176 1525 φαινόμενον,
1225 1456 1493 1524 ὀνομαστί
1528 1476 1582 1508 τε
1622 1454 1845 1508 καλέσαι

153 1545 242 1600 καὶ
303 1548 642 1614 ποιήσασθαι
704 1546 987 1607 τοιούτους
1049 1548 1262 1612 λόγους.
1352 1546 1534 1613 <280>
1583 1542 1846 1611 “Ἰάκωβε,
1880 1559 1905 1597 2

152 1638 355 1706 πατρὸς
380 1636 512 1687 ὄντα
550 1648 608 1687 σε
636 1634 853 1702 ἀγαθοῦ
878 1632 968 1686 καὶ
1001 1634 1226 1686 πάππου
1261 1632 1428 1696 δόξαν
1461 1631 1653 1703 ἀρετῆς
1685 1633 1846 1700 μεγά-

155 1729 251 1793 λης
282 1721 605 1793 εὑρομένου,
637 1724 865 1791 κάμνειν
892 1720 979 1774 ἐπὶ
1005 1731 1126 1784 τοῖς
1148 1730 1421 1790 παροῦσιν
1456 1722 1521 1775 οὐ
1553 1729 1847 1791 προσῆκεν,

157 1809 276 1865 ἀλλ’
333 1812 566 1875 ἐλπίζειν
613 1813 677 1863 τὰ
725 1814 1023 1881 κρείττονα.
1103 1812 1282 1878 <281>
1323 1809 1412 1863 καὶ
1453 1812 1556 1878 γὰρ
1597 1812 1848 1879 ἄφθονος

90 1915 132 1947 20
158 1897 432 1963 ἐκδέξεταί
466 1914 525 1951 σε
573 1899 824 1968 μεγάλων
873 1898 1102 1967 ἀγαθῶν
1149 1901 1423 1968 παρουσία
1463 1902 1599 1968 πρὸς
1638 1901 1698 1951 τὸ
1737 1907 1847 1951 πᾶν

156 1990 290 2042 κατὰ
338 1989 436 2056 τὴν
485 1987 621 2057 ἐμὴν
670 1987 1005 2057 ἐπικουρίαν.
1075 1985 1353 2056 ’Ἅβραμόν
1402 2007 1455 2039 τε
1497 1988 1600 2055 γὰρ
1643 1987 1747 2055 ἐγὼ
1789 1986 1848 2039 ἐκ

156 2086 250 2146 τῆς
272 2079 700 2145 Μεσοποταμίας
733 2074 882 2146 δεῦρ’
924 2078 1150 2144 ἤγαγον,
1192 2074 1565 2143 ἐλαυνόμενον
1598 2076 1704 2129 ὑπὸ
1738 2086 1847 2128 τῶν

160 2175 478 2234 συγγενῶν,
533 2163 622 2217 καὶ
676 2163 880 2234 πατέρα
934 2166 1030 2217 τὸν
1080 2165 1180 2216 σὸν
1229 2163 1530 2231 εὐδαίμονα
1582 2162 1847 2233 ἀπέφηνα.

160 2249 237 2306 ὧν
270 2253 370 2323 οὐχ
403 2254 544 2320 ἥττω
578 2262 777 2322 μοῖραν
822 2254 899 2314 είς
932 2249 991 2304 σε
1030 2254 1425 2320 καταθήσομαι.
1505 2252 1685 2319 <282>
1711 2258 1849 2321 θαρ-

93 2356 136 2388 25
161 2352 274 2411 ρῶν
323 2336 426 2394 οὖν
472 2339 561 2393 καὶ
608 2341 813 2408 ταύτην
852 2342 1093 2409 πορεύου
1135 2341 1235 2408 τὴν
1276 2341 1437 2407 ὁδόν,
1493 2337 1613 2408 ἐμοὶ
1651 2347 1846 2410 πομπῷ

161 2431 454 2500 χρώμενος.
532 2427 905 2496 ἀνυσθήσεται
945 2429 1047 2498 γάρ
1090 2442 1176 2481 σοι
1217 2428 1387 2497 γάμος
1427 2426 1509 2496 ἐφ’
1552 2427 1615 2480 ὃν
1657 2427 1850 2480 ἐσπού-

163 2520 349 2586 δακας,
389 2515 479 2569 καὶ
512 2518 842 2584 γενήσονταί
871 2531 959 2570 σοι
991 2518 1180 2579 παῖδες
1220 2516 1438 2584 ἀγαθοί.
1514 2518 1575 2568 τὸ
1617 2513 1676 2568 δὲ
1716 2520 1851 2584 πλῆ-

161 2611 265 2668 θος
319 2605 501 2658 αὐτῶν
558 2604 802 2674 ἀριθμοῦ
857 2607 1344 2674 κρεῖττονςέσται,
1406 2606 1647 2672 μείζοσιν
1709 2605 1852 2666 υίοϊς

164 2693 346 2746 αὐτῶν
378 2692 901 2761 καταλιμπάνοντες·
944 2686 1026 2755 οἷς
1058 2691 1162 2761 ἐγὼ
1197 2695 1257 2745 τὸ
1290 2693 1487 2760 ταύτης
1525 2692 1720 2762 κράτος
1759 2700 1853 2760 τῆς

98 2796 141 2827 30
165 2789 263 2850 γῆς
288 2782 488 2850 δίδωμι
513 2779 601 2833 καὶ
630 2779 785 2833 παισὶ
817 2791 929 2844 τοϊς
961 2781 1162 2850 αὐτῶν,
1203 2784 1258 2834 οἳ
1286 2782 1640 2851 πληρώσουσι
1671 2788 1851 2833 πᾶσαν

287 2887 310 2935 g
343 2887 428 2927 278
456 2904 510 2917 -—-
537 2881 646 2925 Gen.
679 2881 874 2925 xxvm
908 2888 945 2926 1.
