2052 3141
772 30 1033 70 ΠΕΜΠΤΗ
1639 22 1741 74 321

62 165 152 220 καὶ
207 167 284 228 είς
336 173 434 219 τοῦ
484 167 688 234 χωρίου
748 165 808 217 τὸ
873 163 1082 224 ὑλῶδες
1145 157 1411 228 ἐνδοτέρω
1467 166 1559 226 τῆς
1613 159 1749 211 ὁδοῦ

65 255 241 326 ῥίπτει
291 255 351 307 τὸ
403 256 621 322 θηρίον.
707 251 888 319 <288>
937 250 1102 302 πάλιν
1150 246 1194 300 τ’
1244 247 1420 300 ἀπιὼν
1466 248 1602 316 πρὸς
1647 247 1748 314 τὴν
1776 262 1801 300 6

63 346 235 413 κόρην
275 342 620 412 ἐπιτυγχάνει
662 341 855 409 σμήνει
896 343 1160 407 μελιττῶν
1199 335 1260 400 ἐν
1300 343 1372 407 τῷ
1418 336 1609 402 στήθει
1649 343 1747 387 τοῦ

64 430 285 493 λεόντος
310 429 524 483 ἐκείνου
549 430 953 494 νενοσσευκότι,
983 424 1072 478 καὶ
1100 425 1430 493 ἀνελόμενος
1455 426 1576 493 τρία
1602 421 1748 491 με’λι-

19 538 38 570 5
63 540 155 582 τος
193 521 356 588 κηρία
396 521 500 571 σὺν
538 527 653 579 τοῖς
692 521 902 578 λοιποῖς
943 516 1142 585 δώροις
1182 506 1262 575 οἷς
1302 512 1509 580 ἐκόμιζε
1552 513 1748 564 δίδωσι

63 614 127 676 τῇ
166 608 336 659 παιδί.
413 607 593 674 <289>
626 615 736 658 τῶν
769 601 829 657 δὲ
864 607 1155 672 Θαμνιτῶν
1188 602 1332 671 παρὰ
1373 602 1473 669 τὴν
1513 600 1749 669 εὐωχίαν

63 696 164 764 τὴν
202 705 312 748 τῶν
343 695 534 764 γάμων
575 693 770 765 (εἱστία
809 693 912 762 γὰρ
955 692 1154 752 αὐτοὺς
1192 687 1456 759 ἅπαντας)
1498 690 1588 741 διὰ
1629 686 1752 750 δέος

64 791 157 851 τῆς
191 785 376 853 ἰσχύος
407 791 506 836 τοῦ
538 785 831 835 νεανίσκου
866 781 1157 850 τριάκοντα
1191 780 1404 831 δόντων
1438 777 1582 848 αὐτῷ
1624 779 1752 838 τοὺς

66 870 486 940 ἀκμαιοτάτους,
526 874 671 943 λόγῳ
712 867 811 938 μὲν
854 868 1102 938 ἑταίρους
1143 865 1467 935 ἐσομένους,
1508 868 1648 937 ἔργω
1690 862 1750 917 δὲ

0 978 42 1010 10
65 960 312 1029 φύλακας
352 962 423 1028 μή
470 979 520 1011 τι
559 967 882 1027 παρακινεῖν
926 957 1235 1023 ἐθελήσειε,
1274 962 1372 1008 τοῦ
1412 957 1583 1007 πότου
1622 972 1750 1023 προ-

65 1048 264 1116 βάντος
301 1045 392 1098 καὶ
424 1048 645 1108 παιδιᾶς
678 1047 864 1114 οὔσης,
906 1038 995 1098 οἷα
1035 1048 1187 1114 φιλεῖ
1221 1044 1365 1111 παρὰ
1406 1045 1534 1104 τοὺς
1573 1043 1751 1094 τοιού-

65 1156 194 1198 τους
231 1136 481 1205 καιρούς,
531 1135 558 1187 ὁ
600 1135 852 1203 Σαμψὼν
892 1130 1041 1185 εἶπεν
1091 1133 1270 1200 <290>
1311 1130 1475 1182 (ἀλλὰ
1513 1130 1751 1200 προβάλ-

67 1228 258 1286 λοντος
298 1223 432 1292 ἐμοῦ
472 1225 640 1290 λόγον
686 1224 737 1274 εί
775 1223 962 1274 λύσετε
1004 1230 1200 1274 τοῦτον
1250 1218 1333 1289 ἐφ’
1380 1217 1581 1289 ἡμέρας
1621 1216 1751 1270 ἑπτὰ

65 1313 389 1380 ποιούμενοι
435 1313 535 1379 τὴν
585 1314 830 1380 ζήτησιν,
879 1311 1085 1372 ὀθόνας
1131 1328 1185 1361 τε
1226 1306 1316 1360 καὶ
1359 1308 1553 1370 στολὰς
1591 1305 1753 1377 γέρας

2 1419 42 1451 15
67 1408 160 1469 τῆς
193 1398 463 1462 συνέσεως
494 1398 607 1451 κατ’
648 1401 823 1469 ἄνδρα
857 1398 1084 1451 ἕκαστον
1124 1395 1360 1466 φέρεσθε
1401 1392 1526 1464 παρ’
1575 1395 1751 1464 ἐμοῦ.’

67 1486 547 1558 φιλοτιμουμένων
589 1485 637 1540 δ’
678 1488 818 1556 ὁμοῦ
849 1506 904 1539 τε
939 1495 1182 1539 συνετῶν
1224 1484 1390 1548 δόξαν
1430 1482 1520 1536 καὶ
1560 1483 1754 1554 κέρδος

67 1577 357 1647 εὑρέσθαι,
397 1575 486 1629 καὶ
526 1575 706 1644 λέγειν
746 1575 1071 1643 ἀξιούντων,
1110 1572 1281 1644 φησὶν
1321 1574 1403 1626 ὅτι
1442 1576 1502 1626 τὸ
1544 1573 1753 1641 πάμβο-

69 1687 170 1736 ρον
196 1668 515 1734 γεγεννήκοι
540 1667 714 1735 βοράν
739 1665 931 1733 ἡδεῖαν
965 1664 1018 1727 ἐξ
1046 1664 1216 1716 αὑτοῦ
1248 1661 1338 1715 καὶ
1370 1663 1515 1715 πάνυ
1549 1661 1755 1730 ἀηδοῦς

70 1757 243 1818 ὄντος.
320 1755 498 1822 <291>
539 1764 649 1806 τῶν
690 1751 742 1806 δ’
792 1752 877 1805 ἐπὶ
917 1752 1096 1822 τρισὶν
1148 1750 1372 1821 ἡμέραις
1413 1752 1478 1804 οὐ
1520 1749 1754 1818 δυναμέ-

4 1859 47 1891 20
69 1864 185 1896 νων
237 1842 479 1913 ἐξευρεῖν
535 1845 593 1896 τὸ
641 1844 980 1910 νοούμενον,
1031 1841 1499 1910 παρακαλούντων
1547 1836 1606 1891 δὲ
1652 1840 1755 1906 τὴν

68 1935 242 2001 κόρην
292 1937 585 2000 μαθοῦσαν
634 1932 780 2000 παρὰ
831 1930 1064 1998 τάνδρὸς
1116 1929 1300 1990 αὐτοῖς
1351 1936 1590 1996 μηνῦσαι
1642 1925 1754 1995 (καὶ

70 2021 174 2089 γὰρ
199 2021 464 2088 ἠπείλουν
490 2020 661 2088 αὐτὴν
687 2019 987 2088 ἐμπρήσειν
1020 2026 1180 2071 τοῦτο
1215 2018 1285 2085 μὴ
1319 2014 1755 2085 παρασχοῦσαν),

72 2109 100 2161 ὁ
141 2110 422 2177 Σαμψών,
471 2107 734 2176 δεομένης
779 2116 874 2175 τῆς
919 2110 1085 2177 κόρης
1124 2108 1297 2158 εἰπεῖν
1337 2105 1503 2174 αὐτῇ,
1553 2106 1613 2156 τὸ
1654 2101 1757 2172 μὲν

70 2205 289 2265 πρῶτον
335 2196 609 2265 ἀντεῖχεν,
661 2197 839 2264 <292>
880 2194 1191 2263 ἐγκειμένης
1239 2191 1288 2245 δ’
1336 2194 1501 2260 αὐτῆς
1550 2190 1640 2244 καὶ
1680 2194 1758 2254 είς

3 2298 46 2331 25
73 2284 284 2354 δάκρυα
308 2285 719 2353 προπιπτούσης
743 2282 832 2335 καὶ
857 2286 1150 2352 τεκμήριον
1175 2280 1466 2350 τιθεμένης
1504 2289 1597 2348 τῆς
1621 2282 1756 2349 πρὸς

72 2371 245 2439 αὐτὴν
294 2373 556 2434 δυσνοίας
601 2374 661 2425 τὸ
711 2373 781 2439 μὴ
832 2370 1012 2438 λε’γειν
1060 2371 1224 2439 αὐτῇ,
1280 2371 1475 2438 μηνύει
1522 2370 1586 2421 τὰ
1632 2366 1756 2437 περὶ

71 2461 172 2528 τὴν
214 2459 497 2529 ἀναίρεσιν
537 2460 671 2529 αὐτῇ
712 2468 811 2511 τοῦ
853 2457 1091 2526 λέοντος,
1131 2457 1220 2510 καὶ
1261 2459 1341 2510 ὅτι
1383 2460 1630 2526 μελίττας
1670 2455 1756 2507 εὑ-

73 2549 187 2618 ρὼν
228 2547 287 2599 ἐν
326 2554 401 2619 τῷ
445 2549 635 2614 στήθει
669 2547 837 2599 αὐτοῦ
870 2549 992 2615 τριά
1032 2546 1304 2615 βαστάσας
1344 2544 1557 2614 μέλιτος
1596 2547 1756 2613 κηρία

72 2638 349 2704 κομίσειεν
390 2635 540 2704 αὐτῇ.
619 2635 798 2703 <293>
839 2633 929 2686 καὶ
971 2634 997 2686 ὃ
1040 2631 1139 2702 μὲν
1187 2630 1352 2685 οὐδὲν
1400 2633 1757 2703 ὑφορώμενος

7 2737 51 2768 30
76 2725 307 2793 δολερὸν
349 2725 598 2791 σημαίνει
630 2723 690 2774 τὸ
723 2730 850 2789 πᾶν,
890 2721 922 2789 ἢ
958 2719 1005 2773 δ’
1048 2719 1261 2791 ἐκφέρει
1301 2723 1397 2774 τὸν
1438 2723 1604 2788 λόγον
1644 2729 1757 2781 τοῖς

193 2829 216 2878 g
250 2829 335 2867 288
362 2821 582 2865 =1uc110.
616 2822 721 2865 XIV
754 2827 793 2865 8.

161 2905 370 2937 Iosnpnns.
402 2905 432 2935 Ι.
1434 2901 1487 2938 21
