2052 3141
0 818 20 847 ὁ

845 111 1122 152 AETTEPA
1724 112 1831 164 105

141 243 231 297 καὶ
270 246 329 297 τὸ
370 241 470 312 μὲν
511 247 742 312 γνήσιον
776 241 1013 314 Ἰακώβῳ
1054 241 1211 312 γένος
1251 253 1410 298 τοῦτο
1452 241 1547 313 ἧν,
1589 244 1647 298 ἐκ
1686 247 1831 299 Βάλ-

142 338 238 395 λας
270 329 321 384 δ’
359 331 504 403 αὐτῷ
540 334 786 399 γίνονται
819 340 910 400 τῆς
934 330 1192 401 Ῥαχήλας
1224 335 1619 402 θεραπαινίδος
1643 335 1830 397 Δάνος

140 419 231 473 καὶ
275 423 616 489 Νεφθαλῆς,
664 414 706 491 ᾦ
754 418 999 489 τέτταρες
1055 421 1272 474 εἵποντο
1324 423 1547 489 παῖδες,
1595 419 1832 491 Ἰέσηλος

142 511 343 571 Γοῦνις
377 506 625 578 Ἰσσάρης
664 527 719 561 τε
759 507 850 561 καὶ
890 507 1183 577 Σέλλιμος·
1226 509 1395 582 Δάνῳ
1434 507 1494 561 δὲ
1533 508 1832 578 μονογενὲς

96 611 115 644 5
142 594 209 664 ἧν
243 598 466 661 παιδίον
502 593 685 659 Οὖσις.
763 598 943 665 <182>
976 598 1185 650 τούτων
1225 597 1677 667 προσγινομένων
1717 608 1832 662 τοῖς

139 685 589 754 προειρημένοις,
649 688 987 753 πεντήκοντα
1049 684 1138 738 καὶ
1195 687 1465 753 τεττάρων
1520 691 1830 756 πληροῦσιν

140 773 398 843 ἀριθμόν.
476 773 657 841 Γάδης
698 771 758 825 δὲ
790 773 879 826 καὶ
904 772 1140 843 ’Ἀσηρος
1180 774 1238 827 ἐκ
1273 778 1489 844 Ζελφᾶς
1528 772 1628 843 μὲν
1667 773 1831 844 ἦσαν,

140 869 232 929 τῆς
262 864 430 923 Λείας
470 859 529 913 δὲ
570 862 705 929 αὕτη
746 866 1094 931 θεραπαινίς·
1149 865 1330 931 <183>
1369 865 1567 925 παῖδας
1608 861 1655 915 δ’
1706 863 1832 931 ἐπή-

140 969 303 1016 γοντο
337 949 520 1017 Γάδης
551 946 650 1017 μὲν
691 948 840 1016 ἑπτά,
882 953 1186 1019 Σαφωνιάν
1220 947 1402 1018 Αὗγιν
1435 955 1650 1004 Σοῦνιν
1686 950 1832 1015 ’Aga-

74 1052 116 1084 10
139 1041 291 1106 βῶνα
346 1035 606 1106 Ἀηρίνην
664 1035 936 1106 Ἐρωέδην
994 1036 1284 1106 Ἀριηλᾶν,
1342 1036 1575 1108 Ἀσήρου
1641 1037 1692 1092 δ’
1762 1036 1832 1107 ἦν

138 1127 390 1195 θυγάτηρ
431 1125 615 1195 Σάρα,
661 1125 751 1178 καὶ
791 1128 1016 1194 ἄρρενες
1057 1126 1301 1196 ἀριθμὸν
1342 1127 1428 1195 ἕξ,
1470 1121 1551 1190 οἷς
1591 1128 1833 1196 ὀνόματα

135 1212 361 1284 Ἰώμνης
396 1211 568 1277 Ἰσοῦς
602 1211 798 1277 Ἰσοῦις
828 1217 999 1285 Βάρις
1024 1214 1261 1285 ’Ἀβαρός
1293 1236 1348 1268 τε
1383 1215 1471 1268 καὶ
1503 1219 1833 1286 ΜῙελχιήλος.

142 1305 349 1357 τούτων
391 1302 673 1356 ἑκκαίδεκα
714 1305 890 1356 ὄντων
931 1303 1020 1356 καὶ
1060 1303 1514 1373 προστιθεμένων
1554 1314 1668 1367 τοῖς
1707 1324 1834 1358 πεν-

141 1395 372 1460 τήκοντα
426 1391 517 1444 καὶ
571 1390 853 1459 τέτταρσιν
901 1393 928 1446 ὁ
976 1392 1372 1462 προειρημένος
1424 1392 1660 1463 ἀριθμὸς
1699 1398 1833 1462 πλη-

75 1494 115 1526 15
141 1490 357 1549 ροῦται,
399 1482 471 1549 μὴ
513 1479 1009 1548 συγκαταλεγέντος
1050 1481 1236 1544 αὐτοῖς
1271 1479 1549 1550 Ἰακώβου.

251 1568 431 1636 <184>
450 1570 647 1637 μαθὼν
674 1567 734 1621 δὲ
762 1566 1020 1638 Ἰώσηπος
1036 1573 1486 1639 παραγενόμενον
1512 1572 1608 1623 τὸν
1630 1569 1833 1639 πατέρα
1871 1587 1885 1596 ”

142 1655 255 1726 (καὶ
310 1657 412 1725 γὰρ
464 1658 760 1726 προλαβὼν
808 1653 1019 1720 Ἰούδας
1070 1658 1308 1726 ἁδελφὸς
1359 1658 1636 1726 ἐδήλωσεν
1688 1659 1834 1729 αὐτῷ

140 1747 240 1813 τὴν
280 1744 492 1814 ἄφιξιν)
542 1745 990 1814 ὑπαντησόμενος
1041 1746 1239 1814 ἔξεισι,
1295 1745 1384 1799 καὶ
1423 1744 1553 1799 καθ’
1601 1745 1835 1816 (Ηρώων

140 1836 302 1886 πόλιν
344 1833 488 1904 αὐτῷ
526 1833 843 1902 συνέβαλεν.
923 1835 950 1887 ὃ
987 1832 1035 1886 δ’
1075 1835 1182 1887 ὑπὸ
1224 1842 1316 1902 τῆς
1355 1844 1524 1904 χαρᾶς
1564 1835 1835 1903 ἀπροσδο-

76 1935 118 1967 20
141 1925 308 1990 κη’του
350 1941 403 1973 τε
435 1921 526 1974 καὶ
559 1923 794 1991 μεγάλης
827 1922 1125 1991 γενομένης
1165 1932 1364 1991 μικροῦ
1405 1925 1523 1976 δεῖν
1564 1923 1835 1987 ἐξέλιπεν·

141 2007 260 2062 ἀλλ’
317 2009 735 2080 ἀνεζωπύρησεν
787 2012 955 2064 αὐτὸν
998 2009 1289 2079 Ἰώσηπος,
1346 2009 1466 2064 οὐδ’
1520 2012 1682 2074 αὐτὸς
1733 2010 1835 2081 μὲν

140 2106 406 2167 κρατῆσαι
455 2098 719 2167 δυνηθεὶς
767 2100 839 2162 ὡς
887 2101 958 2168 μὴ
1007 2100 1171 2152 ταύτὸ
1223 2105 1425 2152 παθεῖν
1466 2098 1565 2168 ὑφ’
1612 2101 1835 2169 ἡδονῆς,

143 2186 209 2238 οὐ
241 2184 428 2254 μέντοι
459 2189 555 2240 τὸν
588 2188 757 2240 αὐτὸν
789 2191 995 2257 τρόπον
1028 2195 1100 2259 τῷ
1135 2186 1297 2256 πατρὶ
1330 2191 1625 2256 γενόμενος
1656 2189 1834 2256 ἥττων

142 2282 240 2326 τοῦ
289 2275 519 2337 πάθους.
596 2277 777 2344 <185>
817 2279 998 2329 ἔπειτα
1052 2279 1148 2330 τὸν
1197 2274 1297 2345 μὲν
1354 2275 1527 2345 ἠρέμα
1575 2278 1836 2339 κελεύσας

77 2377 118 2409 25
144 2361 393 2430 ὁδεύειν,
455 2363 619 2426 αὐτὸς
681 2361 741 2416 δὲ
802 2366 1137 2434 παραλαβὼν
1199 2363 1357 2417 πέντε
1413 2374 1522 2418 τῶν
1576 2364 1835 2434 ἀδελφῶν

144 2451 393 2518 ἠπείγετο
441 2453 576 2520 πρὸς
621 2454 718 2505 τὸν
769 2452 1024 2520 βασιλέα,
1072 2453 1302 2521 φράσων
1343 2453 1488 2524 αὐτῷ
1530 2455 1834 2520 παραγενό-

145 2558 313 2607 μενον
346 2540 478 2607 μετὰ
510 2548 609 2593 τοῦ
641 2539 835 2608 γένους
868 2543 964 2594 τὸν
999 2539 1274 2610 Ἰάκωβον.
1353 2541 1381 2593 ὃ
1424 2538 1483 2593 δὲ
1517 2549 1676 2594 τοῦτο
1717 2543 1834 2609 χαί-

146 2647 258 2696 ρων
299 2628 526 2695 ἤκουσε,
571 2627 661 2681 καὶ
701 2631 797 2682 τὸν
832 2627 1098 2697 Ἰώσηπον
1140 2628 1423 2682 ἐκέλευσεν
1463 2628 1608 2699 αὐτῷ
1652 2626 1834 2695 λέγειν

143 2717 253 2768 τίνι
285 2718 388 2786 βίω
420 2719 744 2785 τερπόμενοι
778 2718 1109 2785 διατελοῦσι,
1149 2718 1220 2780 ὡς
1260 2717 1444 2780 αὐτοῖς
1482 2725 1679 2769 τοῦτον
1721 2714 1834 2768 ἐπι-

79 2814 121 2847 30
144 2801 356 2872 τρέψειε
389 2805 618 2872 διάγειν.
689 2806 870 2872 <186>
904 2806 932 2859 ὃ
967 2804 1027 2859 δὲ
1059 2804 1321 2874 ποιμένας
1353 2806 1553 2868 αὐτοὺς
1585 2804 1835 2872 ἀγαθοὺς

265 2908 288 2957 ξ
323 2908 406 2948 183
434 2927 489 2941 =
515 2904 625 2949 Gen.
658 2905 803 2948 XLVI
837 2912 902 2951 16.
