1975 3111
737 701 1195 762 Praefatio,

237 923 302 975 In
335 923 553 992 Iosephi
577 920 1015 989 Antiquitatibus
1049 919 1387 971 recensendis
1422 918 1712 986 separatim
1745 917 1818 969 di-

128 1013 354 1065 cendum
394 1016 478 1063 est
518 1011 581 1063 de
622 1011 804 1062 decem
834 1008 1106 1077 prioribus
1145 1008 1316 1078 libris
1356 1025 1584 1075 quorum
1625 1006 1817 1075 optimi

128 1101 338 1153 codices
379 1103 505 1152 sunt
545 1099 636 1167 qui
678 1100 994 1166 sequuntur:

202 1187 381 1241 Codex
420 1188 698 1240 Parisinus
742 1186 831 1238 Gr
876 1187 1013 1238 1421
1059 1203 1192 1237 saec.
1233 1183 1364 1237 XIV
1406 1183 1520 1255 (R).

277 1307 295 1315 ·
418 1276 745 1329 Bodleianus
786 1275 1009 1327 miscell.
1053 1274 1140 1326 Gr.
1180 1274 1281 1327 186
1323 1292 1458 1326 saec.
1492 1272 1595 1325 XV
1638 1271 1743 1343 (O).

416 1365 723 1417 Marcianus
767 1356 857 1415 Gr.
899 1365 1003 1416 381
1051 1381 1184 1415 saec.
1225 1362 1362 1414 XIII
1403 1361 1536 1431 (M).

418 1452 856 1506 Vindobonensis
897 1451 1087 1503 histor.
1131 1451 1220 1503 Gr.
1262 1452 1294 1502 2
1337 1469 1471 1502 saec.
1511 1449 1591 1501 XI
1634 1447 1737 1519 (S).

416 1542 696 1595 Parisinus
739 1541 1013 1593 Gr.1419
1058 1558 1190 1592 saec
1231 1538 1309 1590 XI
1352 1538 1462 1608 (P).

417 1630 814 1683 Laurentianus
855 1629 989 1697 plut
1033 1629 1118 1697 69,
1158 1629 1228 1680 ΞΟ
1269 1645 1404 1679 saec.
1445 1625 1577 1678 XIV
1621 1624 1729 1697 (L).

238 1719 342 1771 Est
379 1722 657 1789 praeterea
708 1717 942 1786 epitome
987 1715 1114 1787 (E),
1162 1735 1323 1784 quam
1366 1715 1601 1767 Zonaras
1642 1712 1817 1785 (Zow.)

130 1808 392 1878 sequitur,
448 1826 583 1875 quae
640 1806 754 1858 sola
806 1823 1216 1873 nonnumquam
1262 1823 1445 1856 veram
1495 1803 1818 1872 scripturam

130 1896 377 1949 servavit.
455 1895 736 1948 Interdum
791 1894 1055 1946 versionis
1113 1912 1322 1961 quoque
1378 1892 1604 1944 Latinae
1653 1891 1817 1960 (Lat.)

129 1984 322 2053 aliquis
347 2002 477 2036 usus
505 1987 600 2036 est.
678 1983 759 2034 De
794 1982 942 2043 hisce
982 1983 1248 2051 omnibus,
1288 1982 1368 2033 uti
1410 1985 1462 2032 et
1495 1981 1558 2032 de
1598 1980 1819 2048 reliquis

130 2073 445 2126 emendandi
487 2072 742 2124 subsidiis
776 2071 868 2139 qui
899 2071 1058 2139 plura
1098 2070 1260 2139 cupit,
1298 2070 1344 2121 is
1385 2069 1633 2121 Niesium
1674 2068 1819 2120 adire

129 2162 369 2231 debebit,
409 2161 560 2214 cuius
599 2159 993 2229 praefationem
1027 2158 1396 2211 doctissimam
1438 2161 1491 2208 et
1531 2157 1688 2209 bonis
1731 2156 1821 2208 ob-

131 2250 526 2302 servationibus
566 2248 823 2300 refertam
865 2266 986 2300 cum
1026 2247 1206 2299 fructu
1247 2248 1551 2315 cognoscet.

239 2337 388 2389 Inter
425 2337 596 2388 libros
645 2335 1043 2404 manuscriptos
1090 2335 1326 2403 primum
1373 2334 1553 2386 locum
1594 2336 1819 2401 occupat

130 2426 296 2478 codex
319 2425 386 2493 R,
419 2442 650 2494 quocum
678 2424 720 2476 O
751 2424 1066 2492 plerumque
1093 2422 1379 2490 conspirat.
1457 2421 1542 2472 Ab
1575 2421 1660 2472 his
1694 2421 1820 2472 duo-

127 2515 230 2573 bus
264 2513 570 2581 discrepant
614 2512 808 2580 reliqui
849 2529 1051 2581 omneS,
1092 2512 1185 2579 qui
1223 2511 1366 2562 inter
1407 2529 1461 2562 se
1504 2509 1635 2561 satis
1677 2509 1820 2560 simi-

129 2602 206 2654 les
241 2605 381 2671 sunt‚
422 2602 515 2653 sed
548 2600 811 2670 originem
843 2600 1079 2668 produnt
1112 2600 1178 2652 ab
1218 2599 1327 2651 illis
1371 2598 1650 2649 diversam.
1714 2597 1819 2649 Ita-

133 2709 234 2760 que
285 2690 503 2758 Niesi0‚
559 2689 782 2741 desertis
837 2689 1083 2758 vestigiis
1142 2688 1480 2756 superiorum
1536 2684 1820 2754 editorum,

130 2797 258 2846 prae
313 2779 505 2831 ceteris
567 2776 802 2846 Regium
854 2776 1010 2828 illum
1074 2776 1312 2828 codicem
1380 2774 1531 2844 sequi
1596 2773 1816 2842 placuit,

133 2865 345 2918 etiamsi
382 2865 498 2933 ipse
537 2865 681 2916 ultro
724 2865 995 2933 concedat,
1036 2864 1178 2933 quod
1217 2867 1339 2915 ante
1378 2863 1540 2931 pedes
1579 2861 1817 2930 positum

1488 2947 1552 2990 a*-
