2052 3141
896 93 1106 135 ΠΡΩΤΗ
1775 90 1845 142 55

158 230 249 291 τὰς
296 230 448 290 ὄψεις
495 227 713 288 πάθους
761 226 1015 294 ἐμποδὼν
1063 222 1132 293 ἧν
1181 225 1324 296 αὐτῷ
1377 225 1710 294 θεραπεύειν
1750 227 1846 277 τὸν

155 319 311 383 θεόν,
352 313 636 367 ἐκέλευσεν
677 313 923 377 ἐξελθεῖν
965 312 1051 366 ἐπὶ
1084 312 1431 381 κυνηγέσιον,
1470 311 1561 365 καὶ
1600 313 1846 381 θηρασά-

158 424 327 472 μενον
383 401 464 456 ὅσ’
521 402 589 455 ἂν
638 402 783 474 αὐτῷ
849 404 1088 455 δυνατὸν
1152 400 1373 470 γένηται
1434 401 1845 470 παρασκευάσαι

155 493 400 559 δεῖπνον,
441 492 620 559 <268>
646 492 737 543 ἵνα
762 492 893 559 μετὰ
926 499 1086 543 τοῦτο
1122 491 1369 559 ἱκετεύσῃ
1403 491 1499 542 τὸν
1530 491 1668 542 θεὸν
1710 491 1844 558 σύμ-

109 599 328 650 5μαχον
384 579 528 651 αὐτῷ
587 578 677 631 καὶ
735 581 1005 648 συνεργὸν
1060 580 1138 640 εἰς
1186 579 1396 630 ἅπαντα
1443 587 1696 647 παρεῖναι
1747 580 1843 631 τὸν

152 672 305 737 βιόν,
353 670 561 737 ἄδηλον
609 666 708 736 μὲν
760 665 901 720 εἶναι
942 666 1117 735 λέγων
1160 667 1319 720 ὁπότε
1360 664 1449 718 καὶ
1489 669 1844 735 τελευτήσειε,

151 760 257 826 πρὸ
310 755 370 809 δὲ
425 758 622 809 τούτου
668 765 968 825 παρασχεῖν
1020 756 1164 826 αὐτῷ
1215 756 1518 823 βούλεσθαι
1569 757 1665 808 τὸν
1704 757 1842 808 θεὸν

151 854 267 907 ταῖς
306 845 489 914 εὐχαῖς
528 854 643 906 ταῖς
690 841 826 913 ὑπὲρ
876 843 1045 896 αὐτοῦ
1085 840 1581 911 παρακεκλημένον.
1661 845 1842 911 <269>

151 932 240 986 καὶ
267 931 512 995 ’Ήσαυος
565 929 664 1000 μὲν
713 931 799 984 ε’πὶ
847 934 906 983 τὸ
948 929 1279 999 κυνηγέσιον
1321 930 1658 999 ἐξώρμησεν,
1709 932 1741 998 ἡ
1784 929 1845 984 δὲ

86 1019 393 1090 ιοῬεβέκκα
447 1023 545 1074 τὸν
590 1022 728 1073 θεὸν
776 1021 853 1081 εἰς
899 1021 1125 1071 εὔνοιαν
1174 1018 1402 1082 ἀξιοῦσα
1449 1021 1549 1087 τὴν
1584 1018 1844 1087 Ἰακώβου

152 1114 488 1180 παρακαλεῖν
529 1107 619 1161 καὶ
658 1109 803 1177 παρὰ
851 1109 950 1175 τὴν
984 1106 1199 1159 Ἰσάκου
1248 1109 1504 1175 γνώμην,
1561 1106 1845 1160 ἐκέλευσεν

153 1199 321 1252 αὐτὸν
379 1197 604 1267 ἐρίφους
657 1196 1076 1265 κατασφάξαντα
1127 1197 1353 1248 δεῖπνον
1401 1197 1844 1265 παρασκευάζειν.

153 1288 181 1341 ὁ
231 1285 291 1339 δὲ
331 1285 586 1354 Ἰάκωβος
631 1283 888 1354 ὑπηρέτει
935 1292 997 1353 τῇ
1043 1288 1238 1353 μητρί,
1290 1284 1467 1336 πάντα
1507 1283 1632 1353 παρ’
1680 1284 1845 1352 αὐτῆς

151 1374 508 1444 πεπυσμένος.
588 1375 768 1441 <270>
810 1371 925 1425 ἐπεὶ
974 1371 1021 1424 δ’
1076 1369 1330 1441 εὐτρεπὲς
1376 1369 1444 1440 ἦν
1494 1374 1553 1425 τὸ
1596 1374 1844 1440 δεῖπνον,

86 1481 127 1514 15
154 1463 348 1533 ἐρίφου
376 1462 600 1532 δέρματι
625 1464 720 1515 τὸν
754 1464 1019 1531 βραχίονα
1045 1462 1376 1529 περιβαλών,
1408 1461 1499 1512 ἵνα
1533 1463 1842 1514 πιστεύοιτο

151 1553 297 1621 παρὰ
348 1559 422 1622 τῷ
473 1549 635 1619 πατρὶ
684 1551 774 1602 διὰ
822 1551 922 1618 τὴν
972 1551 1245 1617 δασύτητα
1273 1547 1518 1611 ’Ήσαυος
1566 1546 1707 1601 εἶναι
1757 1550 1844 1620 (τὰ

152 1642 256 1709 γὰρ
290 1642 428 1692 ἄλλα
459 1637 613 1692 πάντ7
649 1639 725 1691 ὢν
761 1639 948 1706 ὅμοιος
981 1639 1071 1690 διὰ
1104 1640 1164 1690 τὸ
1206 1634 1346 1689 εἶναι
1381 1639 1629 1706 δίδυμος,
1668 1640 1843 1710 τούτῳ

153 1732 305 1800 μόνῳ
348 1726 620 1797 διέφερε),
671 1725 761 1779 καὶ
801 1725 1072 1796 φοβηθεὶς
1123 1729 1226 1795 μή,
1281 1725 1411 1795 πρὶν
1452 1726 1713 1794 γενέσθαι
1752 1728 1846 1790 τὰς

153 1817 341 1887 εὐχάς,
388 1815 639 1885 εὑρεθεὶς
677 1825 1000 1884 κακουργῶν
1041 1817 1117 1876 εἰς
1156 1815 1482 1867 τούναντίον
1522 1815 1845 1883 παροξύνειε

85 1923 129 1956 20
152 1907 249 1958 τὸν
296 1902 499 1973 πατέρα
546 1906 886 1971 ποιήσασθαι
933 1903 1163 1969 ταύτας,
1217 1900 1519 1971 προσέφερε
1568 1911 1642 1973 τῷ
1683 1903 1845 1972 πατρὶ

152 1995 213 2047 τὸ
256 1994 498 2046 δεῖπνον.
578 1992 758 2059 <271>
792 1990 883 2044 καὶ
909 1989 1124 2053 Ἴσακος
1158 1989 1557 2058 ἐπαισθόμενος
1596 1999 1669 2062 τῷ
1712 1993 1846 2044 κατὰ

153 2084 253 2150 τὴν
299 2083 494 2150 φωνὴν
544 2082 666 2152 ι’δίῳ
714 2083 1102 2149 προσκαλεῖται
1148 2081 1244 2131 τὸν
1291 2078 1432 2130 υἱόν.
1509 2087 1608 2131 τοῦ
1649 2075 1709 2130 δὲ
1750 2079 1883 2132 τὸν’

153 2174 419 2240 βραχίονα
480 2171 868 2238 προτείναντος
930 2161 971 2239 ᾧ
1032 2169 1131 2235 τὴν
1193 2164 1382 2234 αἰγέαν
1439 2165 1845 2235 περιεβέβλητο,

154 2260 350 2326 ταύτης
386 2257 741 2326 ἐπαφώμενος
775 2256 997 2324 ςφωνεῖς
1022 2253 1139 2323 μέν’
1182 2251 1332 2306 εἶπεν
1373 2252 1642 2326 ςἸακώβῳ
1675 2273 1845 2324 παρα-

87 2362 128 2394 25
153 2349 422 2414 πλήσιον,
475 2346 609 2396 κατὰ
664 2342 849 2412 μέντοι
904 2346 964 2396 τὸ
1020 2351 1114 2410 τῆς
1159 2344 1342 2411 τριχὸς
1393 2342 1568 2410 βάθος
1603 2341 1847 2406 ”Ησαυος

153 2431 300 2487 εἷναί
327 2453 419 2502 μοι
453 2431 664 2494 δοκεῖςῖ
743 2432 922 2499 <272>
948 2429 1038 2483 καὶ
1070 2428 1243 2499 μηδὲν
1276 2431 1572 2497 ὑπολαβὼν
1612 2439 1844 2501 κακοῦρ-

153 2543 281 2590 γον,
337 2523 631 2588 δειπνήσας
684 2518 931 2589 τρέπεται
979 2521 1113 2588 πρὸς
1161 2519 1322 2588 εὐχὰς
1372 2517 1461 2570 καὶ
1501 2518 1844 2587 παράκλησιν

152 2619 251 2664 τοῦ
276 2615 434 2677 θεοῦ,
461 2608 733 2661 “δέσποτα’
760 2607 936 2675 λέγων
963 2607 1182 2668 (παντὸς
1209 2608 1405 2667 αἰῶνος
1429 2604 1519 2658 καὶ
1546 2606 1845 2677 δημιουργὲ

154 2707 247 2766 τῆς
272 2698 401 2766 ὅλης
426 2697 633 2763 οὐσίας,
675 2699 741 2748 σὺ
769 2697 872 2765 γὰρ
912 2702 985 2767 τςό
1013 2693 1176 2763 πατρὶ
1201 2695 1359 2765 τώμῷ
1403 2694 1645 2763 μεγάλην
1687 2698 1846 2766 ἰσχὺν

89 2802 132 2834 30
155 2787 476 2856 προύθηκας
516 2783 771 2851 ἀγαθῶν,
810 2780 945 2851 κάμὲ
985 2792 1094 2834 τῶν
1134 2784 1426 2850 παρόντων
1466 2782 1716 2852 ἠξίωσας,
1756 2784 1847 2838 καὶ

277 2892 300 2939 ξ
332 2891 417 2930 267
445 2908 500 2921 =
526 2885 636 2928 Gen.
670 2884 840 2927 XXVH
875 2890 910 2928 1.
1034 2888 1058 2935 ξ
1093 2887 1176 2926 271
1205 2904 1260 2917 =
1286 2881 1396 2925 Gen.
1430 2882 1603 2925 XXVII
1634 2889 1702 2928 22.
