2052 3141
535 546 862 608 ΒΙΒΛΟΣ
909 546 1325 607 ΔΕΥΤΕΡΑ.

197 694 302 761 <1>
336 694 490 745 Μετὰ
525 688 585 744 δὲ
618 693 717 760 τὴν
752 689 964 744 Ἰσάκου
999 692 1254 758 τελευτὴν
1288 690 1345 743 οἱ
1371 692 1562 753 παῖδες
1602 691 1772 745 αὐτοῦ
1801 690 1827 740 l

85 782 436 851 μερισάμενοι
484 782 583 849 τὴν
632 785 846 847 οἴκησιν
886 781 1021 848 πρὸς
1060 778 1356 847 ἀλλήλους,
1404 780 1503 849 οὐχ
1544 780 1613 847 ἣν
1653 782 1772 832 ἔλα-

83 873 186 938 βον
232 870 434 937 ταύτην
482 867 572 920 καὶ
619 866 907 937 κατέσχον,
955 865 1074 919 ἀλλ’
1110 866 1354 930 ’Ήσαυος
1399 865 1499 936 μὲν
1538 876 1631 936 τῆς
1673 872 1772 920 Χε-

82 960 321 1026 βρωνίας
355 959 563 1018 πόλεως
596 955 906 1025 ἐκχωρήσας
937 955 1188 1026 τάδελφῷ
1225 955 1284 1008 ἐν
1309 960 1517 1027 Σαείρα
1550 958 1769 1026 διῃτᾶτο

38 1043 172 1098 5καὶ
218 1053 310 1113 τῆς
358 1043 667 1114 Ἰδουμαίας
713 1041 914 1114 ἦρχεν,
965 1044 1108 1096 οὕτω
1157 1043 1387 1106 καλέσας
1435 1046 1536 1113 τὴν
1588 1046 1771 1114 χώραν

83 1130 176 1202 ἀφ’
217 1132 429 1187 ἑαυτοῦ.
494 1132 744 1202 ’Έδωμος
776 1134 878 1202 γὰρ
913 1132 1307 1201 ἐπωνομάζετο,
1346 1134 1479 1185 κατὰ
1511 1134 1770 1201 τοιαύτην

81 1223 261 1275 αἰτίαν
307 1224 487 1292 τυχὼν
542 1230 635 1291 τῆς
689 1222 1032 1290 ἐπικλήσεως.
1111 1222 1216 1289 <2>
1265 1221 1368 1275 ἀπὸ
1416 1224 1595 1291 θήρας
1641 1219 1770 1275 ποτὲ

81 1309 170 1362 καὶ
202 1314 378 1364 πόνου
402 1320 500 1364 τοῦ
532 1310 655 1377 περὶ
680 1313 739 1364 τὸ
764 1309 1095 1378 κυνηγέσιον
1128 1312 1411 1379 λιμώττων
1437 1310 1770 1378 ἐπανῆλθεν,

82 1399 157 1450 ἔτι
215 1396 264 1451 δ’
318 1396 387 1467 ἦν
441 1408 569 1461 παῖς
622 1400 722 1467 τὴν
776 1398 1015 1465 ἡλικίαν·
1071 1398 1339 1468 ἐπιτυχὼν
1396 1396 1456 1451 δὲ
1514 1398 1766 1470 τάδελφῷ

15 1503 57 1535 10
80 1495 261 1556 φακῆν
303 1487 618 1541 ἐσκευακότι
657 1489 791 1557 πρὸς
823 1489 1048 1555 ἄριστον
1089 1487 1256 1558 αὑτςό,
1296 1487 1510 1555 ξανθὴν
1552 1490 1770 1557 σφόδρα

77 1577 177 1643 τὴν
218 1579 414 1645 χρόαν,
462 1574 551 1629 καὶ
592 1578 684 1628 διὰ
722 1573 868 1629 τοῦτ’
916 1578 993 1628 ἔτι
1034 1580 1244 1644 μᾶλλον
1284 1576 1566 1645 ὀρεχθείς,
1612 1575 1768 1644 ἠξίου

77 1674 378 1734 παρασχεῖν
430 1666 574 1736 αὐτῷ
630 1667 766 1734 πρὸς
812 1668 1038 1733 τροφήν.
1118 1665 1222 1731 <3>
1273 1664 1300 1716 ὃ
1351 1662 1399 1717 δ’
1454 1664 1768 1718 ἀποδόσθαι

76 1754 136 1805 τὸ
177 1756 468 1821 πρεσβεῖον
517 1753 663 1824 αὐτῷ
711 1761 810 1806 τοῦ
858 1763 1085 1821 φαγεῖν,
1138 1761 1386 1823 συνεργῷ
1426 1755 1768 1822 χρησάμενος

76 1848 139 1909 τῇ
191 1844 384 1911 πείνῃ,
438 1843 534 1894 τὸν
590 1841 834 1910 ἀδελφὸν
880 1842 1168 1908 ἠνάγκαζε·
1217 1841 1468 1904 κάκεῖνος
1512 1842 1619 1895 ὑπὸ
1667 1851 1766 1896 τοῦ

10 1943 52 1975 15
77 1932 241 1997 λιμοῦ
272 1927 573 2000 προαχθεὶς
603 1938 920 1999 παραχωρεῖ
948 1939 1057 1982 τῶν
1097 1933 1403 1998 πρεσβείων
1444 1930 1590 2001 αὐτῷ
1633 1929 1758 1999 μεθ’

79 2017 274 2085 ὅρκων.
353 2020 520 2070 ἔνθεν
562 2019 653 2070 διὰ
692 2019 791 2086 τὴν
832 2017 1141 2086 ξανθότητα
1181 2027 1279 2071 τοῦ
1326 2019 1611 2088 βρώματος
1656 2020 1764 2073 ὑπὸ

80 2114 190 2158 τῶν
215 2105 520 2173 ἡλικιωτῶν
548 2107 683 2158 κατὰ
710 2105 1199 2175 παιδιὰν”Εδωμος
1227 2105 1542 2175 ἐπικληθεὶς
1560 2106 1766 2177 (ἔδωμα

75 2193 180 2262 γὰρ
213 2190 459 2262 Ἑβραῖοι
509 2196 570 2247 τὸ
623 2193 867 2263 ἐρυθρὸν
918 2194 1170 2263 καλοῦσι)
1219 2197 1320 2263 τὴν
1367 2197 1551 2265 χώραν
1592 2197 1766 2259 οὕτως

74 2283 542 2350 προσηγόρευσεν·
568 2280 832 2350 ”Ἐλληνες
862 2284 966 2353 γὰρ
1001 2284 1173 2352 αὐτὴν
1207 2282 1294 2336 ἐπὶ
1332 2286 1392 2337 τὸ
1434 2286 1764 2354 σεμνότερον

8 2383 51 2415 20
69 2364 385 2436 Ἰδουμαίαν
419 2368 728 2437 ὠνόμασαν.
807 2371 914 2439 <4>
948 2375 1156 2438 γίνεται
1198 2368 1258 2424 δὲ
1298 2370 1387 2424 καὶ
1426 2373 1601 2439 πατὴρ
1641 2376 1763 2424 παί-
1796 2387 1820 2426 2

75 2457 190 2508 δων
228 2454 387 2509 πέντε
427 2459 524 2510 τὸν
564 2457 832 2526 ἀριθμόν,
882 2454 958 2511 ὧν
993 2457 1168 2522 Ἰάους
1207 2457 1307 2528 μὲν
1355 2459 1445 2512 καὶ
1479 2457 1764 2529 Ἰἐγλωμος

72 2542 164 2596 καὶ
203 2546 412 2613 Κόρεος
452 2543 510 2596 ἐκ
550 2548 810 2612 γυναικὸς
848 2554 973 2614 μιᾶς
1008 2544 1299 2616 Ὀλιβάμης
1337 2548 1611 2617 τοῦνομα,
1650 2559 1762 2602 τῶν

74 2629 134 2684 δὲ
189 2637 396 2685 λοιπῶν
444 2629 728 2702 Ἐλιφάζης
778 2631 879 2703 μὲν
935 2635 998 2698 ἐξ,
1023 2633 1192 2698 ’Ἀδας
1230 2634 1559 2703 Ῥαγούηλος
1599 2638 1632 2689 δ
1644 2634 1656 2654 ’
1704 2637 1763 2690 ἐκ

71 2721 404 2789 Βασεμάθης
434 2720 682 2790 ὑπῆρξαν
714 2722 860 2793 αὐτῷ
894 2726 1195 2791 γεγονότες.
1268 2724 1373 2791 <5>
1398 2722 1490 2776 καὶ
1516 2721 1762 2779 Ἠσαύου

191 2839 216 2888 ξ
252 2844 271 2878 1
301 2857 356 2871 =
382 2835 493 2879 Gen.
526 2835 721 2879 XXXVI
753 2842 792 2881 6.
915 2843 938 2891 g
965 2844 990 2882 2
1019 2861 1071 2875 =
1098 2839 1209 2883 Gen.
1243 2838 1372 2882 XXV
1404 2843 1473 2884 29.
1596 2845 1620 2894 g
1652 2846 1680 2884 4
1706 2864 1761 2878 =

74 2906 186 2951 Gen.
218 2907 413 2951 XXXVI
446 2913 499 2961 13
536 2913 558 2952 1
591 2909 742 2954 Paral.
775 2910 797 2953 Ι
828 2917 896 2955 35.
