2052 3141
860 71 1070 113 ΠΡΩΤΗ
1737 71 1807 123 59

118 206 407 274 ἠπιότητος
446 213 508 274 τῇ
548 208 823 276 παρουσίᾳ
863 214 959 258 τοῦ
994 203 1275 274 Ἰακώβου,
1315 204 1600 313 ἀνέκρινεν
1641 207 1810 259 αὐτὸν

117 297 197 356 τίς
236 291 281 346 τ’
329 293 407 345 ὢν
446 292 535 345 καὶ
575 296 754 345 πόθεν
801 294 923 360 ἥκοι
972 296 1108 360 πρὸς
1148 294 1348 356 αὐτοὺς
1388 293 1477 346 καὶ
1516 295 1623 347 ὑπὸ
1664 297 1812 356 τίνος

116 385 329 487 χρείας
338 380 602 449 ἠγμένος,
654 382 849 450 ηὔχετο
892 380 939 433 δ’
988 378 1130 433 εἶναι
1172 371 1412 435 δυνατὸν
1453 387 1638 445 αὐτοῖς
1676 402 1811 462 παρ-

119 469 262 540 έχειν
295 464 373 521 ὧν
406 468 717 538 ἀφικνεῖται
744 471 1016 538 δεόμενος.
1097 471 1276 536 <288>
1314 468 1569 539 Ἰάκωβος
1609 468 1668 523 δε
1711 471 1809 540 οὐχ
1848 483 1864 493 ”

71 556 309 625 5(οῢτω)
358 557 464 610 ὑπὸ
514 566 606 625 τῆς
655 560 972 624 συγγενείας
1020 554 1151 609 οὐδε
1199 565 1291 625 τῆς
1341 559 1431 609 ὁιὰ
1479 560 1680 626 ταύτην
1723 559 1810 610 εὐ-

116 648 297 713 νοιάς,
337 642 456 697 ἀλλ’
502 647 662 711 ἔρωτι
702 653 794 712 τῆς
832 646 1026 706 παιδὸς
1066 645 1339 713 ηττηθεις,
1381 645 1713 715 ἐκπέπληκτό
1755 666 1809 698 τε

117 742 215 786 τοῦ
253 733 488 795 κάλλους
528 734 674 801 ὁρῶν
715 733 888 795 οὕτως
933 735 1169 802 ἔχουσαν
1210 734 1282 795 ὡς
1322 734 1501 802 ὀλίγαι
1542 745 1651 787 τῶν
1691 738 1809 788 τότε

116 831 395 889 γυναικῶν
442 823 686 889 ἤνθουν,
734 820 823 873 καὶ
871 825 1041 890 φησίν
1084 820 1228 873 (ἀλλ’
1277 821 1395 890 ε’μοὶ
1447 825 1582 890 πρὸς
1623 820 1681 876 σε
1722 823 1811 875 καὶ

115 909 320 979 πατέρα
351 911 447 962 τὸν
481 912 600 977 σόν,
633 915 782 977 εἴπερ
816 909 1081 977 Λαβάνου
1114 919 1240 972 παῖς
1271 912 1575 980 τυγχάνεις,
1618 913 1811 964 οίκειό-

53 1013 94 1044 10
118 1018 212 1066 της
263 1000 376 1050 ἔστι
429 997 770 1066 πρεσβυτέρα
825 1007 918 1066 τῆς
970 995 1013 1050 τ’
1063 997 1192 1065 ἐμῆς
1238 997 1328 1050 καὶ
1385 1008 1480 1066 σῆς
1528 998 1809 1067 γενέσεως·

117 1089 295 1154 <289>
330 1086 388 1139 ἐκ
423 1087 644 1155 Θάρρου
686 1087 789 1155 γὰρ
819 1085 1095 1155 ’Ἀβραμος
1135 1085 1222 1138 καὶ
1259 1084 1525 1155 Ἀρράνης
1565 1086 1654 1139 καὶ
1694 1091 1758 1139 Ν
1791 1122 1812 1127 -

115 1176 293 1245 χώρης
332 1172 472 1243 ἦσαν
512 1175 644 1243 υἱοί,
687 1170 763 1227 ὧν
796 1176 1125 1243 Βαθούηλος
1161 1176 1188 1228 ὁ
1225 1177 1318 1238 σὸς
1358 1176 1575 1238 πάππος
1616 1178 1813 1245 Ναχώ-

116 1283 218 1332 ρου
258 1267 465 1331 γίνεται
505 1273 648 1330 παῖς,
684 1261 962 1332 Ἀβράμου
1005 1261 1065 1315 δὲ
1099 1263 1184 1315 καὶ
1229 1272 1321 1330 τῆς
1356 1262 1625 1331 Ἀρράνου
1667 1265 1814 1333 Σάρ-

116 1371 214 1418 ρας
234 1349 446 1413 Ἴσακος
480 1351 606 1419 ε’μὸς
639 1354 830 1419 πατήρ.
903 1354 1089 1419 ἔγγιον
1135 1349 1307 1404 δὲκαὶ
1344 1354 1612 1421 νεώτερον
1647 1351 1808 1405 τοῦθ’

50 1454 91 1486 15
116 1439 269 1507 ἡμεῖς
300 1447 392 1507 τῆς
426 1442 748 1507 συγγενείας
783 1440 1064 1507 ὁμήρευμα
1105 1442 1241 1508 πρὸς
1281 1439 1553 1508 ἀλλήλους
1593 1443 1813 1509 ἔχομεν’

116 1528 296 1594 <29Ο>
329 1525 578 1595 Ῥεβέκκα
621 1529 723 1595 γὰρ
773 1530 946 1595 μήτηρ
990 1527 1118 1596 ἐμή,
1168 1529 1432 1596 Λαβάνου
1476 1531 1677 1597 πατρὸς
1717 1538 1815 1582 τοῦ

117 1623 220 1668 σοῦ
259 1614 490 1684 ἀδελφή,
529 1619 733 1685 πατρός
772 1635 825 1668 τε
867 1615 1070 1669 ταύτοῦ
1103 1614 1193 1667 καὶ
1226 1620 1451 1685 μητρός·
1497 1616 1714 1681 ἀνεψιοὶ
1759 1606 1806 1669 6²

118 1700 281 1772 ἐσμὲν
313 1704 467 1772 ἡμεῖς
500 1703 606 1772 ἐγώ
641 1724 695 1756 τε
731 1703 820 1756 καὶ
855 1706 937 1756 σύ.
1016 1703 1105 1756 καὶ
1150 1714 1250 1758 νῦν
1293 1704 1441 1773 δεῦρ’
1493 1707 1602 1773 ἥκω
1643 1705 1814 1758 ἀσπα-

117 1794 348 1860 σόμενός
387 1811 441 1844 τε
482 1792 622 1860 ὑμᾶς
660 1791 749 1844 καὶ
798 1794 897 1860 τὴν
938 1793 1405 1862 προϋπάρχουσαν
1449 1793 1577 1862 ἡμῖν
1620 1794 1813 1862 συγγέ-

51 1896 94 1927 20
117 1899 271 1932 νειαν
311 1879 794 1948 ἀνανεωσόμενος.’
873 1880 1053 1948 <291>
1082 1880 1109 1948 ἢ
1142 1879 1194 1933 δ’
1238 1881 1340 1934 ὑπὸ
1376 1884 1608 1950 μνήμης,
1649 1883 1812 1935 ὁποῖα

117 1973 270 2037 φιλεῖ
298 1969 697 2039 συντυγχάνειν
729 1978 842 2031 τοῖς
874 1967 1036 2037 νέοις,
1077 1969 1501 2038 προπεπυσμένη
1536 1971 1682 2037 παρὰ
1715 1979 1812 2023 τοῦ

116 2059 318 2127 πατρὸς
365 2059 430 2109 τὰ
469 2056 593 2126 περὶ
633 2064 726 2125 τῆς
757 2047 1067 2125 Ῥεβέκκας,
1112 2056 1201 2109 καὶ
1243 2060 1370 2121 τοὺς
1412 2069 1592 2126 γονεῖς
1631 2060 1811 2112 εἰδυῖα

116 2150 432 2208 ποθοῦντας
479 2145 644 2213 αὐτῆς
690 2146 964 2214 τοῦνομα,
1021 2146 1125 2198 ὑπὸ
1174 2154 1267 2214 τῆς
1305 2145 1427 2214 περὶ
1469 2149 1566 2200 τὸν
1606 2146 1810 2216 πατέρα

117 2233 335 2296 εὐνοίας
389 2235 656 2303 ἔνδακρυς
703 2233 969 2303 γενομένη
1017 2235 1333 2303 περιβάλλει
1385 2237 1480 2288 τὸν
1526 2233 1809 2303 Ἰάκωβον,

52 2335 93 2367 25
121 2321 300 2388 <292>
342 2319 430 2373 καὶ
470 2321 922 2390 κατασπασαμένη
964 2324 1062 2390 τὴν
1103 2322 1492 2390 εὐκταιοτάτην
1532 2322 1620 2375 καὶ
1661 2328 1809 2392 μεγί-

119 2423 252 2477 στην
292 2409 502 2477 ἡδονὴν
543 2409 710 2462 αὐτὸν
744 2414 963 2478 κομίσαι
997 2418 1069 2481 τῷ
1106 2409 1267 2479 πατρὶ
1309 2409 1397 2462 καὶ
1439 2421 1551 2473 τοῖς
1590 2410 1677 2463 ε’πὶ
1717 2421 1809 2480 τῆς

119 2499 291 2559 οἰκίας
331 2498 533 2550 ἅπασιν
574 2500 777 2565 ἔλεγεν,
819 2497 904 2550 ἐπὶ
944 2506 1006 2567 τῇ
1042 2501 1225 2568 μνήμῃ
1266 2507 1358 2566 τῆς
1398 2502 1598 2567 μητρὸς
1638 2500 1808 2554 αὐτοῦ

117 2582 349 2656 κειμένῳ
396 2583 486 2636 καὶ
532 2586 669 2653 πρὸς
717 2588 858 2655 μόνῃ
899 2588 1064 2656 ταύτῃ
1106 2587 1456 2655 τυγχάνοντι·
1506 2595 1806 2656 φανεῖσθαι

120 2671 168 2724 δ’
209 2672 354 2744 αὐτῷ
389 2674 592 2734 παντὸς
624 2672 881 2736 ἀντάξιον
908 2673 1142 2741 ἀγαθοῦ.
1219 2684 1418 2743 χωρεῖν
1445 2672 1489 2726 τ’
1524 2675 1808 2730 ἐκέλευσεν

52 2776 96 2808 30
119 2762 237 2829 ἤδη.
265 2763 400 2830 πρὸς
438 2763 535 2814 τὸν
574 2760 805 2830 πατέρα,
852 2761 941 2814 καὶ
990 2761 1218 2814 ἕπεσθαι
1258 2764 1393 2830 πρὸς
1433 2763 1602 2816 αὐτὸν
1643 2764 1807 2833 ἡγου-

239 2867 261 2914 ξ
293 2866 378 2907 288
406 2883 460 2898 =
488 2860 598 2905 Gen.
633 2861 783 2905 XXIX
818 2867 886 2906 10.
