2052 3141
858 83 1038 122 TPITH
1689 80 1795 132 149

105 213 409 286 ἀρχομένης
464 211 516 267 δ’
572 214 903 283 ὑποφαίνειν
949 222 1043 282 τῆς
1089 212 1325 284 ἡμέρας,
1380 210 1546 277 αὖθις
1593 218 1689 268 τόν
1742 234 1795 267 τε

97 303 315 373 Ἰησοῦν
352 303 646 374 παρεκάλει
692 300 867 371 μηδὲν
917 305 1140 372 χείρονα
1179 310 1423 372 φανῆναι
1462 304 1596 355 κατὰ
1637 299 1796 372 τοῦρ-

104 412 206 461 γον
251 397 346 460 τῆς
392 392 561 459 οὔσης
605 389 731 460 περὶ
770 391 938 444 αὐτὸν
979 391 1226 459 ἐλπίδος,
1269 391 1436 454 δόξαν
1476 411 1532 444 τε
1573 393 1665 444 διὰ
1704 400 1797 460 τῆς

103 481 384 551 παρούσης
421 482 730 549 κτήσασθαι
775 483 1098 549 στρατηγιάς
1135 481 1282 550 παρὰ
1322 489 1435 543 τοῖς
1475 478 1798 550 ἀρχομένοις

105 567 192 622 ἐπὶ
238 578 352 632 τοῖς
397 566 801 637 γεγενημένοις·
849 577 959 621 τῶν
1005 566 1064 621 θ’
1104 566 1377 638 Ἑβραίων
1417 571 1545 630 τοὺς
1585 567 1798 631 ἀξιολο-

104 657 382 724 γωτάτους
430 657 545 729 ἰδίᾳ
583 657 902 728 παρεκάλει,
948 656 1039 710 καὶ
1079 659 1299 726 σύμπαν
1338 659 1443 726 ἤδη
1484 660 1544 710 τὸ
1584 661 1799 725 πλῆθος

105 743 452 814 ὡπλισμένον
506 748 789 817 παρώρμα.
868 746 1012 815 <52>
1059 744 1150 798 καὶ
1199 746 1226 799 ὃ
1276 744 1376 815 μὲν
1428 745 1571 799 οὕτω
1626 759 1799 814 παρα-

106 834 443 902 στησάμενος
477 837 574 887 τὸν
608 837 840 905 στρατὸν
874 844 987 897 τοῖς
1018 854 1073 887 τε
1106 837 1293 903 λόγοις
1324 833 1414 887 καὶ
1452 842 1516 903 τῇ
1559 835 1650 886 διὰ
1690 843 1799 886 τῶν

105 924 284 992 ἔργων
321 917 638 993 παρασκευῇ
680 921 942 993 ἀνεχώρει
981 925 1118 993 πρὸς
1157 926 1217 976 τὸ
1260 925 1415 993 ὄρος,
1456 929 1571 994 θεῷ
1613 941 1669 974 τε
1710 920 1800 974 καὶ

40 1026 81 1057 10
98 1007 281 1080 Ἰησοῦ
334 1013 676 1081 παραδιδοὺς
730 1013 790 1064 τὸ
848 1011 1175 1082 στράτευμα·
1234 1012 1377 1080 <53>
1426 1009 1799 1080 προσέμισγον

39 1466 78 1498 15

37 1908 80 1939 20

38 2347 80 2379 25

39 2789 82 2821 30

108 1097 171 1152 δὲ
211 1100 269 1153 οἱ
303 1097 593 1169 πολέμιοι,
644 1100 748 1154 κάν
788 1099 977 1170 χερσὶν
1016 1096 1086 1169 ἧν
1125 1099 1157 1167 ἡ
1200 1100 1373 1169 μάχη,
1420 1102 1707 1170 προθυμία
1745 1118 1801 1151 τε

108 1186 199 1240 καὶ
241 1190 614 1261 διακελευσμῷ
664 1190 730 1241 τὰ
769 1191 905 1259 πρὸς
944 1188 1217 1257 ἀλλήλους
1255 1179 1568 1258 χρωμένων.
1647 1186 1802 1257 μέχρι

106 1274 207 1346 μὲν
241 1273 343 1330 οὖν
374 1280 623 1344 Μωυσῆς
656 1278 830 1347 ὀρθὰς
863 1277 1073 1347 ἀνίσχει
1106 1278 1200 1340 τὰς
1238 1286 1440 1347 χεῖρας,
1479 1279 1608 1339 τοὺς
1640 1275 1801 1345 Ἀμα-

106 1368 327 1433 ληκίτας
374 1368 715 1419 κατεπόνουν
763 1366 820 1418 οἱ
855 1364 1116 1435 Ἑβραῖοι.
1194 1367 1290 1418 τὸν
1339 1361 1441 1418 οὖν
1492 1368 1668 1418 πόνον
1708 1372 1801 1433 τῆς

104 1452 417 1517 ἀνατάσεως
447 1463 557 1506 τῶν
589 1464 787 1523 χειρῶν
825 1455 852 1507 ὁ
887 1457 1133 1521 Μωυσῆς
1173 1454 1273 1523 οὐχ
1313 1451 1607 1522 ὑπομένων
1649 1452 1800 1523 (ὁσά-

102 1562 186 1604 κις
233 1543 336 1611 γὰρ
394 1542 560 1605 αὐτὰς
607 1545 825 1609 καθίει,
880 1542 1203 1604 τοσαυτάκις
1254 1541 1617 1595 ἐλαττοῦσθαι
1672 1544 1800 1604 τοὺς

104 1632 341 1692 οἰκείους
379 1631 550 1684 αὐτοῦ
593 1629 942 1700 συνέβαινε),
982 1632 1122 1697 <54>
1164 1631 1374 1682 κελεύει
1414 1633 1511 1683 τόν
1552 1628 1595 1682 τ’
1643 1629 1799 1682 ἀδελ-

103 1721 212 1788 φὸν
246 1717 495 1789 Ἀαρῶνα
541 1717 632 1771 καὶ
679 1727 772 1787 τῆς
818 1718 1060 1788 ἀδελφῆς
1098 1719 1438 1788 ΑΜαριάμμης
1485 1720 1581 1771 τὸν
1622 1720 1799 1787 ἄνδρα

93 1802 262 1878 Ὧρον
311 1808 540 1870 στάντας
589 1805 932 1878 ἑκατέρωθεν
981 1807 1152 1860 αὐτοῦ
1207 1809 1520 1876 διακρατεῖν
1560 1808 1654 1869 τάς
1692 1817 1800 1876 χεῖ-

105 1915 203 1966 ρας
233 1894 322 1948 καὶ
355 1897 427 1965 μὴ
462 1894 768 1966 ἐπιτρέπειν
799 1896 1029 1965 κάμνειν
1070 1898 1405 1964 βοηθοῦντα.
1469 1893 1559 1947 καὶ
1599 1897 1798 1949 τούτου

104 1982 407 2052 γενομένου
461 1985 598 2037 κατά
651 1984 849 2054 κράτος
904 1983 1104 2037 ἐνίκων
1160 1986 1288 2046 τοὺς
1334 1981 1692 2052 Ἀμαληκίτας
1748 1985 1805 2037 οἱ

97 2069 357 2141 Ἑβραῖοι.
433 2070 526 2125 καὶ
577 2073 775 2134 πάντες
828 2071 1198 2125 ἀπωλώλεσαν
1249 2073 1349 2139 ἄν,
1400 2073 1450 2123 εί
1489 2073 1561 2140 μὴ
1602 2074 1801 2135 νυκτὸς

105 2158 494 2230 ἐπιγενομένης
532 2159 833 2230 ἀπέσχοντο
881 2155 980 2214 τοῦ
1020 2164 1268 2213 κτείνειν.
1347 2161 1492 2228 <55>
1535 2163 1697 2228 νίκην
1739 2157 1801 2212 δὲ

105 2250 401 2316 καλλίστην
447 2246 538 2300 καὶ
591 2249 956 2319 καιριωτάτην
1006 2258 1237 2302 νικῶσιν
1287 2248 1443 2318 ἡμῶν
1496 2249 1552 2301 οἱ
1598 2250 1800 2318 πρόγο-

105 2351 217 2388 νοι·
271 2333 363 2388 καὶ
412 2337 516 2405 γὰρ
580 2345 690 2389 τῶν
754 2336 1294 2407 ἐπιστρατευσάντων
1351 2336 1654 2407 ἐκράτησαν
1709 2334 1801 2389 καὶ

107 2425 237 2485 τοὺς
274 2425 588 2492 περιοίκους
627 2422 934 2493 ἐφόβησαν,
975 2425 1377 2494 εὐπορήσαντες
1417 2424 1670 2492 μεγάλων
1709 2422 1801 2477 καὶ

106 2516 389 2581 λαμπρῶν,
430 2506 507 2564 ὧν
548 2511 607 2564 ἐκ
646 2520 745 2565 τοῦ
784 2522 978 2565 πονεῖν
1019 2511 1298 2582 ἐπέτυχον,
1338 2512 1583 2580 ἀγαθῶν.
1647 2510 1800 2566 ἑλόν-

104 2619 191 2662 τες
229 2601 334 2669 γάρ
373 2597 464 2652 καὶ
503 2602 564 2653 τὸ
606 2602 979 2670 στρατόπεδον
1026 2610 1137 2654 τῶν
1175 2604 1481 2669 πολεμίων,
1528 2603 1802 2664 πλούτους

105 2706 160 2740 τε
200 2689 470 2757 μεγάλους
517 2690 754 2760 δημοσία
799 2687 891 2742 καὶ
940 2687 1054 2742 κατ’
1105 2690 1253 2742 ἰδίαν
1293 2691 1482 2759 ἔσχον,
1537 2687 1668 2743 οὐδὲ
1707 2699 1801 2758 τῆς

107 2774 406 2844 ἀναγκαίας
436 2785 642 2846 τροφῆς
672 2780 942 2848 πρότερον
974 2778 1353 2847 εὐποροῦντες.
1417 2778 1562 2846 <56>
1596 2777 1799 2849 ὑπῆρξε

225 2882 249 2931 ἓ
282 2881 336 2921 51
365 2899 419 2914 =
444 2877 589 2922 Exod.
622 2877 753 2921 XVH
784 2883 825 2924 9.
