2052 3141
224 50 330 103 180
834 51 1286 98 ΑΡΧΜοΛοΓΙΑΣ

217 188 373 247 θεός·
416 185 596 253 <217>
621 186 858 254 τοσαύτη
885 187 988 256 γὰρ
1015 185 1394 256 ἀπήστραπτεν
1427 185 1519 240 ἀπ’
1552 188 1733 240 αὐτῶν
1765 187 1906 255 αὐγὴ

221 275 380 342 μήπω
419 280 512 340 τῆς
553 282 805 343 στρατιᾶς
843 273 1229 344 κεκινημένης,
1279 277 1352 338 ὡς
1389 284 1463 347 τῷ
1505 279 1706 344 πλήθει
1744 273 1908 327 παντὶ

187 362 503 429 ,γνώριμον
542 358 684 413 εἶναι
724 364 784 415 τὸ
824 373 1078 433 παρεῖναι
1125 366 1222 417 τὸν
1261 366 1399 417 θεὸν
1438 367 1515 427 εἰς
1552 366 1652 433 τὴν
1692 363 1909 417 ἐπικου-

137 1080 189 1119 10

221 452 362 517 ρίαν.
427 448 563 501 ὅθεν
587 447 851 518 ’Έλληνες
899 452 956 504 οἱ
1001 453 1066 504 τὰ
1105 450 1336 521 ἡμέτερα
1374 462 1633 521 τιμῶντες
1673 454 1774 520 ε”θη
1819 452 1910 503 διὰ

220 539 280 589 τὸ
337 533 511 605 μηδὲν
567 536 872 606 ἀντιλέγειν
929 540 1208 592 δύνασθαι
1261 541 1502 607 τούτοις,
1556 542 1652 592 τὸν
1708 539 1912 606 ἐσσῆνα

221 626 414 691 λόγιον
461 628 744 678 καλοῦσιν.
824 627 1005 694 <218>
1046 626 1317 680 ἐπαύσατο
1367 625 1467 696 μὲν
1518 623 1620 680 οὗν
1661 628 1690 679 ὅ
1729 647 1784 679 τε
1826 625 1912 679 ἐσ-

223 713 327 780 σὴν
359 710 450 764 καὶ
484 713 512 765 ὁ
547 714 821 783 σαρδόνυξ
855 722 953 767 τοῦ
986 716 1219 784 λάμπειν
1260 719 1402 768 ἔτεσι
1443 718 1744 776 διακοσίοις
1780 717 1913 781 πρό-

221 819 382 869 τερον
407 800 440 868 ἢ
459 802 660 870 ταύτην
688 799 779 870 ἐμὲ
806 809 1096 855 συνθεῖναι
1122 806 1221 872 τὴν
1239 806 1477 873 γραφήν,
1495 811 1593 856 τοῦ
1617 809 1756 856 θεοῦ
1783 804 1912 855 δυσ-

223 887 550 957 χεράναντος
576 887 662 941 ε’πὶ
688 897 749 958 τῇ
778 891 1081 959 παραβάσει
1106 902 1216 944 τῶν
1248 895 1458 960 νόμων·
1492 890 1615 961 περὶ
1648 887 1725 943 ὧν
1758 890 1914 960 ἐροῦ-

224 995 324 1044 μεν
357 975 765 1047 εὐκαιρότερον·
799 978 1064 1048 τρέψομαι
1092 977 1151 1032 δὲ
1186 989 1290 1033 νῦν
1323 979 1410 1032 ἐπὶ
1440 983 1535 1034 τὸν
1577 978 1696 1048 ἑξῆς
1727 982 1910 1046 λόγον.

335 1064 517 1131 <219>
557 1065 969 1135 καθιερωμένης
1008 1069 1111 1136 γὰρ
1151 1070 1256 1137 ἤδη
1296 1077 1388 1137 τῆς
1430 1077 1630 1137 σκηνῆς
1669 1066 1757 1120 καὶ
1799 1068 1914 1119 δια-

222 1151 646 1219 κεκοσμημένων
701 1164 811 1206 τῶν
866 1154 989 1224 περὶ
1046 1159 1172 1218 τοὺς
1229 1156 1427 1225 ἱερέας,
1483 1159 1544 1209 τό
1591 1175 1646 1208 τε
1700 1160 1915 1222 πλῆθος

225 1240 535 1307 ὁμόσκηνον
577 1239 749 1312 ἑαυτῷ
783 1244 879 1294 τὸν
911 1245 1048 1295 θεὸν
1083 1245 1297 1311 ἔκρινεν
1338 1240 1497 1310 εἶναι,
1537 1241 1626 1294 καὶ
1667 1242 1914 1310 τρέπεται

222 1329 358 1396 πρὸς
382 1331 582 1390 θυσίας
605 1348 660 1380 τε
687 1328 775 1381 καὶ
810 1328 1022 1392 ἀνέσεις
1056 1331 1127 1392 ὡς
1159 1332 1374 1382 ἅπασαν
1411 1333 1511 1399 ἤδη
1547 1340 1716 1384 κακοῦ
1748 1347 1914 1399 προσ-

226 1417 420 1467 δοκίαν
452 1415 828 1485 ἀπεωσμένον,
868 1417 957 1469 καὶ
990 1417 1112 1486 περὶ
1153 1429 1261 1471 τῶν
1302 1423 1614 1487 μελλόντων
1654 1420 1726 1481 ὡς
1765 1419 1914 1487 ἀμει-

224 1506 408 1556 νόνων
441 1504 835 1573 εὐθυμοῦντες·
879 1507 1086 1573 δωρεάς
1118 1526 1170 1558 τε
1212 1515 1285 1578 τῷ
1318 1513 1454 1578 θεῷ,
1494 1508 1586 1569 τὰς
1618 1505 1717 1575 μὲν
1757 1516 1912 1576 κοινῇ

227 1593 320 1653 τὰς
360 1589 418 1643 δὲ
452 1592 541 1644 καὶ
583 1591 695 1645 κατ’
738 1596 905 1661 ι’δίαν,
946 1594 1272 1647 ἀνετίθεσαν
1306 1597 1438 1648 κατὰ
1478 1597 1669 1664 φυλάς.
1733 1597 1914 1662 <220>

227 1680 284 1732 οἵ
319 1699 371 1731 τε
415 1681 518 1748 γὰρ
551 1683 823 1750 φύλαρχοι
858 1684 990 1734 κατὰ
1025 1684 1126 1735 δύο
1169 1687 1536 1745 συνελθόντες
1576 1685 1786 1752 ἅμαξαν
1826 1682 1915 1735 καὶ

229 1768 330 1819 δύο
372 1771 506 1835 βοῦς
544 1774 1008 1838 προσκομίζουσιν
1051 1771 1126 1840 (ἓξ
1160 1769 1260 1839 μὲν
1294 1768 1395 1824 οὖν
1434 1769 1568 1839 ἦσαν
1601 1769 1783 1840 αὗται)
1825 1771 1914 1824 καὶ

226 1857 326 1923 τὴν
382 1858 590 1924 σκηνὴν
645 1857 705 1909 ἐν
760 1868 875 1920 ταῖς
934 1860 1274 1926 ὁδοιπορίαις
1328 1863 1705 1928 παρεκόμιζον.
1781 1861 1916 1926 πρὸς

227 1945 440 2005 τούτοις
495 1944 718 2007 ἕκαστος
765 1947 969 2013 φιάλην
1018 1966 1069 1998 τε
1119 1951 1322 2015 κομίζει
1372 1946 1458 1998 καὶ
1510 1949 1771 2015 τρύβλιον
1825 1945 1914 1999 καὶ

227 2034 489 2100 θυΐσκην,
522 2035 620 2101 τὴν
654 2031 752 2102 μὲν
787 2036 1074 2102 δαρεικοὺς
1107 2034 1235 2086 δέκα
1269 2034 1583 2102 δυναμένην
1616 2034 1704 2086 καὶ
1736 2038 1913 2103 πληρη

225 2121 607 2188 θυμιαμάτων.
694 2124 943 2188 ‘1221>r‹‘›
986 2120 1045 2174 δὲ
1086 2125 1347 2191 τρύβλιον
1389 2122 1475 2174 καὶ
1521 2123 1548 2190 ἡ
1588 2124 1755 2190 φιάλη
1799 2122 1915 2191 (αρ-

228 2215 368 2275 γυρᾶ
404 2205 451 2259 δ’
486 2205 576 2278 ἦν)
620 2213 842 2271 σίκλους
874 2207 974 2277 μὲν
1009 2212 1075 2278 δὴ
1118 2211 1177 2261 αἶ
1213 2212 1313 2262 δύο
1357 2212 1672 2272 διακοσίους
1710 2205 1914 2272 εἷλκον,

227 2298 304 2358 είς
352 2293 409 2347 δὲ
461 2298 560 2364 τὴν
615 2298 821 2365 φιάλην
878 2297 1252 2366 ἑβδομήκοντα
1304 2302 1462 2366 μόνοι,
1517 2300 1915 2367 δεδαπάνηντο,

228 2387 452 2452 πλήρεις
494 2383 544 2435 δ’
591 2382 726 2452 ἦσαν
760 2386 1008 2455 ἀλεύρων
1044 2386 1205 2458 ε’λαίῳ
1245 2386 1666 2455 πεφυραμένων.
1707 2380 1789 2448 οἷς
1828 2385 1914 2439 ἐπὶ

229 2479 302 2542 τῷ
338 2475 503 2542 βωμῷ
539 2483 773 2541 χρῶνται.
806 2476 941 2540 πρὸς
975 2475 1066 2535 τὰς
1100 2475 1421 2541 ἱερουργίας.
1485 2478 1691 2543 μόσχον
1732 2494 1783 2526 τε
1826 2472 1915 2526 καὶ

229 2562 386 2628 κριὸν
444 2563 547 2612 σὺν
596 2560 723 2628 ἀρνὶ
771 2572 880 2613 τῶν
933 2561 1161 2629 ἐτησίων
1217 2563 1450 2630 ὁλομελῆ
1507 2565 1914 2630 καυθησόμενα,

230 2646 320 2699 καὶ
361 2651 465 2699 σὺν
506 2648 692 2711 αὐτοῖς
742 2653 976 2718 χίμαρον
1018 2648 1100 2701 ἐπὶ
1145 2655 1459 2718 παραιτησει
1502 2650 1912 2718 ἁμαρτημάτων.

1939 995 1980 1025 10

1941 1435 1980 1466 15

1940 1875 1982 1905 20

1939 2314 1980 2344 25

233 2737 411 2800 (222)
453 2745 692 2804 προσῆγε
743 2734 802 2788 δὲ
852 2746 959 2788 τῶν
1007 2736 1290 2805 ἀρχόντων
1339 2738 1559 2800 ἕκαστος
1603 2736 1685 2789 καὶ
1732 2735 1913 2803 ἑτέρας
1937 2752 1979 2782 30

349 2841 371 2887 ἓ
405 2840 489 2878 219
519 2857 570 2871 -·=
598 2836 730 2879 Num.
767 2837 845 2878 Vll
891 2842 924 2879 1.

2032 168 2041 196 1
