2052 3141
865 56 1139 97 TETAPTH
1733 55 1840 107 203

161 209 258 258 ρας
295 186 472 256 ἥξειν,
517 185 650 256 πρὶν
688 187 721 256 ἢ
761 189 906 258 παρὰ
952 197 1050 242 τοῦ
1096 196 1236 244 θεοῦ
1274 194 1371 245 τὸν
1411 193 1488 255 εἰς
1527 198 1688 244 τοῦτο
1728 210 1845 242 και-

162 279 263 346 ρὸν
302 276 559 345 λάβωσιν.

270 366 412 433 <11>
446 364 581 433 ὅπερ
608 361 669 416 δὲ
692 374 806 427 τοῖς
831 366 1086 434 μεγάλοις
1119 372 1410 437 συμβαίνει
1443 365 1846 439 στρατοπέδοις,
1872 370 1904 422 2

157 452 248 507 καὶ
295 453 526 522 μάλιστα
564 454 710 523 παρὰ
757 454 850 516 τὰς
897 458 1290 524 κακοπραγιάς,
1340 457 1664 527 δυσάρκτοις
1704 452 1846 509 εἶναι

116 541 251 595 5καὶ
302 539 658 610 δυσπειθέσι,
704 550 865 596 τοῦτο
913 541 1002 595 καὶ
1049 553 1162 606 τοῖς
1195 541 1483 607 Ἰουδαίοις
1531 543 1845 597 συνέπεσεν.

163 630 423 700 ἑξήκοντα
461 631 565 700 γὰρ
600 632 752 693 ὄντες
785 632 1063 700 μυριάδες,
1102 631 1193 685 καὶ
1234 635 1325 686 διὰ
1364 636 1424 686 τὸ
1465 638 1678 701 πλῆθος
1719 639 1848 695 ἴσως

157 719 225 772 ἂν
265 716 391 788 μηδ’
438 719 497 772 ἐν
537 718 769 786 ἀγαθοῖς
815 718 1175 788 ὑποταγέντες
1220 731 1335 784 τοῖς
1372 725 1670 791 κρείττοσι,
1725 725 1845 775 τότε

156 812 366 876 μᾶλλον
415 808 522 860 ὑπὸ
575 815 668 874 τῆς
719 807 948 876 ἀπορίας
994 808 1084 861 καὶ
1124 818 1217 878 τῆς
1258 819 1544 880 συμφορᾶς
1584 810 1845 879 ἐξηγανά-

154 915 322 948 κτουν
346 894 436 948 καὶ
460 898 595 965 πρὸς
627 895 899 964 ἀλλήλους
937 896 1026 949 καὶ
1066 901 1202 967 πρὸς
1241 901 1337 952 τὸν
1377 899 1633 967 ἡγεμόνα.
1699 900 1842 967 <12>

92 1005 134 1037 10
158 984 342 1046 στάσις
374 979 476 1036 οὖν
509 982 727 1050 αὐτούς,
768 985 892 1036 οἵαν
925 985 1026 1037 οὐκ
1061 991 1216 1054 ἴσμεν
1258 988 1382 1039 οὔτε
1422 984 1547 1056 παρ’
1580 986 1844 1055 “Έλλησιν

154 1073 279 1125 οὔτε
325 1072 470 1142 παρὰ
516 1072 817 1141 βαρβάροις
863 1072 1202 1143 γενομένην,
1257 1073 1588 1144 κατέλαβεν,
1635 1073 1735 1144 ὑφ’
1782 1072 1845 1143 ἧς

153 1162 393 1222 ἅπαντας
432 1158 737 1214 ἀπολέσθαι
770 1163 1236 1226 κινδυνεύσαντας
1276 1166 1443 1216 ἔσωσε
1468 1167 1736 1232 Μωυσῆς,
1777 1164 1844 1217 οὐ

153 1259 502 1319 μνησικακῶν
558 1249 639 1301 ὅτι
691 1247 817 1318 παρ’
874 1251 1064 1318 ὀλίγον
1111 1248 1249 1319 ἦλθε
1301 1251 1694 1315 καταλευσθεὶς
1744 1250 1835 1305 ὑπ’

153 1338 334 1391 αὐτῶν
375 1336 695 1390 ἀποθανεῖν.
775 1339 917 1406 <13>
959 1336 1078 1391 οὐδ’
1127 1340 1154 1393 ὁ
1202 1343 1334 1402 θεὸς
1374 1338 1423 1392 δ’
1469 1339 1703 1410 ἠμέλησε
1743 1350 1842 1394 τοῦ

86 1447 126 1479 15
151 1423 324 1495 μηδὲν
357 1425 556 1488 αὐτοὺς
585 1432 789 1479 παθεῖν
821 1436 931 1479 τῶν
965 1429 1185 1496 δεινῶν,
1225 1428 1363 1481 ἀλλὰ
1395 1433 1588 1500 καίπερ
1629 1432 1706 1492 είς
1745 1432 1842 1483 τὸν

149 1513 462 1583 νομοθέτην
516 1514 697 1567 αὐτῶν
754 1515 1159 1585 ἐξυβρισάντων
1214 1516 1305 1569 καὶ
1359 1519 1452 1580 τὰς
1506 1518 1729 1580 ἐντολὰς
1781 1518 1843 1580 ἃς

150 1604 314 1666 αὐτὸς
353 1604 444 1655 διὰ
483 1601 754 1666 Μωυσέος
801 1604 987 1667 αὐτοῖς
1036 1603 1369 1674 ἐπέστειλεν,
1422 1606 1690 1676 ἐρρύσατο
1731 1616 1842 1659 τῶν

152 1692 209 1744 ἐκ
248 1701 346 1745 τοῦ
386 1692 691 1756 στασιάζειν
733 1693 918 1755 αὐτοῖς
966 1693 1033 1746 ἂν
1082 1693 1397 1763 γενομένων
1439 1697 1638 1748 δεινῶν
1678 1697 1730 1747 εί
1768 1697 1839 1763 μὴ

152 1783 480 1850 προυνόησε.
556 1784 656 1849 τήν
704 1779 748 1833 τ’
796 1778 899 1834 οὖν
948 1783 1139 1835 στάσιν
1185 1782 1276 1835 καὶ
1324 1784 1425 1836 ὅσα
1465 1786 1598 1852 μετὰ
1637 1786 1841 1853 ταύτην

85 1890 128 1921 20
153 1872 397 1936 vaefqg
460 1868 843 1923 ἐπολιτεύσατο
908 1872 1264 1940 διηγήσομαι,
1326 1874 1680 1941 προδιελθὼν
1741 1875 1842 1941 τὴν

153 1959 333 2010 αἰτίαν
373 1954 466 2026 ἀφ’
512 1953 576 2024 ἧς
615 1956 845 2025 ἐγένετο.

260 2047 405 2114 <14>
447 2048 630 2115 Κορῆς
676 2044 947 2115 Ἑβραίων
995 2046 1055 2099 ἐν
1102 2058 1215 2110 τοῖς
1266 2049 1498 2116 μάλιστα
1552 2047 1643 2101 καὶ
1694 2046 1841 2117 γένει
1874 2065 1898 2102 2

149 2134 239 2187 καὶ
291 2136 510 2208 πλούτῳ
567 2133 880 2204 διαφέρων,
937 2137 1122 2199 ἱκανὸς
1171 2134 1220 2189 δ’
1276 2139 1448 2189 εἰπεῖν
1499 2135 1589 2189 καὶ
1646 2139 1842 2206 δήμοις

151 2224 362 2292 ὁμιλεῖν
394 2224 792 2291 πιθανώτατος,
833 2224 978 2293 ὁρῶν
1014 2224 1073 2277 ἐν
1112 2225 1535 2295 ὑπερβαλλούσῃ
1576 2233 1702 2294 τιμῇ
1743 2228 1841 2279 τὸν

86 2332 128 2364 25
152 2314 406 2380 Μωυσῆν
453 2317 770 2364 καθεστῶτα
817 2316 1062 2381 χαλεπῶς
1109 2310 1253 2383 εἶχεν
1300 2314 1406 2367 ὑπὸ
1455 2316 1679 2382 φθόνου
1727 2313 1841 2384 (καὶ

153 2402 257 2469 γὰρ
290 2398 526 2469 φυλέτης
558 2400 635 2452 ὢν
670 2398 966 2469 ἐτύγχανεν
1000 2401 1171 2454 αὐτοῦ
1204 2401 1293 2454 καὶ
1328 2400 1639 2472 συγγενής),
1672 2402 1842 2472 ἀχθό-

153 2508 316 2557 μενος
356 2489 438 2540 ὅτι
477 2489 674 2556 ταύτης
719 2495 812 2556 τῆς
860 2488 1021 2557 δόξης
1064 2491 1409 2560 δικαιότερον
1449 2490 1517 2542 ἂν
1557 2497 1630 2561 τῷ
1672 2495 1842 2544 πλου-

150 2586 265 2629 τεῖν
306 2576 520 2629 ἐκείνου
560 2580 797 2645 μᾶλλον,
838 2579 909 2646 μὴ
950 2581 1149 2649 χείρων
1191 2579 1268 2631 ὢν
1308 2572 1443 2631 κατὰ
1482 2578 1640 2646 γένος
1679 2579 1842 2642 αὐτὸς

153 2664 407 2732 ἀπέλαυε,
445 2664 588 2732 <15>
612 2665 758 2735 παρά
789 2685 845 2717 τε
878 2676 991 2729 τοῖς
1015 2670 1273 2729 Λευίταις
1315 2666 1565 2737 (φυλέται
1592 2665 1641 2719 δ’
1672 2664 1839 2738 ἦσαν)

85 2768 128 2800 30
152 2752 243 2806 καὶ
275 2754 506 2822 μάλιστα
536 2754 681 2822 παρὰ
714 2763 826 2815 τοῖς
858 2753 1146 2822 συγγενέσι
1178 2758 1430 2824 κατεβόα,
1472 2757 1657 2809 δεινὸν
1697 2753 1841 2809 εἶναι

273 2859 296 2907 ξ
332 2858 383 2896 11
412 2875 467 2889 =
491 2853 626 2897 Num.
660 2853 766 2897 XVI
803 2859 838 2897 1.
