2052 3141
88 1081 139 1119 10

180 49 290 101 296
795 51 1248 93 ΑΡΧΑΙΟΛΟΓΙΑΣ

178 187 312 246 νοὺς
337 191 768 252 κατηγοροῦντες
791 193 901 236 τῶν
924 187 1231 237 νεανίσκων
1256 185 1320 236 τὰ
1344 183 1467 253 περὶ
1493 186 1593 253 τὴν
1617 194 1867 252 γυναῖκα,

178 271 269 325 καὶ
316 274 451 341 πρὸς
496 274 762 340 τιμωρίαν
811 274 1091 334 αἰτοῦντες
1136 275 1265 334 τοὺς
1315 273 1624 341 δράσαντας
1662 269 1762 340 μὲν
1801 273 1866 325 οὐ

177 363 411 428 νόμιμα,
460 357 790 427 γενομένους
839 357 899 412 δὲ
947 361 1192 422 δικαίους
1243 358 1358 412 ἀντ’
1413 361 1594 413 αὐτῶν
1642 360 1866 414 ἐκείνων

178 447 503 500 ἀποθανεῖν.
580 448 762 515 <154>
802 449 860 501 οἱ
907 445 968 500 δὲ
1007 447 1288 516 Γαβαηνοὶ
1332 449 1457 501 οὔτε
1511 451 1638 511 τοὺς
1687 452 1866 501 νεανί-

178 549 343 598 σκους
375 533 653 603 ἐξέδοσαν,
692 535 781 588 καὶ
816 538 1002 589 δεινὸν
1035 536 1342 605 ἀλλοτρίοις
1364 536 1663 590 ὑπακούειν
1700 552 1868 606 προσ-

178 624 448 692 τάγμασιν
499 624 738 692 ἡγοῦντο
785 623 1027 692 πολέμου
1074 628 1257 697 φόβῳ,
1305 625 1539 693 μηδενὸς
1590 624 1869 688 ἀξιοῦντες

179 708 320 764 εἶναι
354 715 573 781 χείρους
605 711 665 764 ἐν
697 722 810 774 τοῖς
843 713 1030 775 ὅπλοις
1062 716 1192 781 μήτε
1234 714 1325 765 διὰ
1365 718 1578 781 πλῆθος
1616 717 1747 782 μήτε
1788 712 1860 767 δι’

176 799 463 868 εὐψυχίαν.
541 797 683 868 ἦσαν
710 798 760 852 δ’
793 800 853 853 ἐν
884 809 1198 870 παρασκευῇ
1233 802 1439 871 μεγάλῃ
1472 802 1604 870 μετὰ
1636 800 1725 853 καὶ
1756 812 1866 855 τῶν

176 890 360 940 ἄλλων
393 893 672 957 φυλετῶν·
716 893 1218 959 συναπενοήθησαν
1251 891 1354 959 γὰρ
1397 891 1581 953 αὐτοῖς
1620 891 1692 953 ὡς
1729 890 1866 959 ἀμυ-

172 978 435 1045 νούμενοι
476 976 848 1046 βιαζομένους.

284 1066 465 1133 <155>
507 1065 578 1126 ὡς
619 1062 678 1117 δὲ
719 1074 945 1118 τοιαῦτα
978 1065 1219 1135 ἠγγέλθη
1262 1076 1374 1128 τοῖς
1407 1064 1762 1134 Ἰσραηλίταις
1799 1069 1864 1119 τὰ

172 1155 317 1222 παρὰ
357 1163 467 1206 τῶν
510 1155 843 1221 Γαβαηνῶν,
895 1155 1092 1223 ὅρκους
1130 1164 1415 1208 ποιοῦνται
1459 1154 1667 1222 μηδένα
1708 1165 1864 1223 σφῶν

173 1240 338 1308 ἀνδρὶ
378 1245 675 1311 Βενιαμίτῃ
719 1243 919 1295 δώσειν
959 1246 1094 1310 πρὸς
1133 1245 1310 1310 γάμον
1349 1243 1654 1311 θυγατέρα,
1706 1258 1864 1311 στρα-

171 1331 386 1381 τεύσειν
425 1327 470 1381 τ’
519 1327 598 1382 ἐπ’
646 1330 871 1397 αὐτούς,
912 1336 1121 1398 μᾶλλον
1162 1331 1347 1393 αὐτοῖς
1388 1329 1459 1383 δι’
1508 1332 1672 1399 ὀργῆς
1711 1334 1863 1395 ὄντες

173 1418 204 1486 ἢ
245 1427 358 1479 τοῖς
386 1421 717 1480 Χαναναίοις
748 1421 876 1481 τοὺς
907 1423 1216 1487 προγόνους
1254 1420 1408 1487 ἡμῶν
1448 1423 1862 1489 παρειλήφαμεν

173 1505 518 1574 γενομένους.
596 1507 776 1573 <156>
826 1509 1152 1577 παραχρῆμά
1200 1506 1243 1560 τ’
1292 1508 1487 1575 ἐξῆγον
1534 1505 1614 1560 ἐπ’
1662 1509 1862 1571 αὐτοὺς

171 1597 231 1647 τὸ
259 1597 628 1662 στρατόπεδον
655 1596 925 1663 μυριάδας
950 1597 1343 1663 τετταράκοντα
1371 1597 1628 1653 ὁπλιτῶν,
1668 1600 1861 1649 Βενια-

171 1693 343 1751 μιτῶν
396 1681 445 1735 δ’
494 1683 773 1736 ὁπλιτικὸν
824 1681 890 1752 ἦν
933 1687 1238 1753 δισμυρίων
1279 1684 1363 1737 καὶ
1407 1689 1860 1755 πεντακισχιλίων

170 1770 260 1823 καὶ
303 1769 625 1835 ἑξακοσίων,
675 1768 752 1824 ὧν
807 1770 944 1840 ἦσαν
985 1775 1062 1835 είς
1099 1777 1489 1836 πεντακοσίους
1531 1784 1644 1836 ταῖς
1685 1779 1861 1836 λαιαῖς

171 1870 280 1912 τῶν
321 1870 519 1929 χειρῶν
553 1863 868 1929 σφενδονᾶν
901 1863 1134 1929 ἄριστοι·
1176 1865 1356 1929 <157>
1383 1863 1516 1914 ὥστε
1559 1862 1643 1914 καὶ
1688 1863 1860 1931 μα’χης

169 1951 304 2015 πρὸς
337 1956 397 2016 τῇ
435 1951 588 2019 Γαβᾷ
630 1949 927 2017 γενομένης
959 1949 1250 2017 τρέπουσιν
1292 1952 1348 2002 οῐ
1373 1954 1691 2019 Βενιαμῖται.
1732 1953 1860 2013 τοὺς

164 2035 524 2104 Ἰσραηλίτας,
565 2038 762 2105 ἄνδρες
802 2058 856 2090 τε
898 2042 1191 2091 πίπτουσιν
1233 2038 1285 2101 ἐξ
1328 2039 1509 2090 αὐτῶν
1549 2041 1626 2100 εἰς
1665 2041 1858 2106 δισμυ-

170 2128 323 2191 ρίους
347 2124 436 2176 καὶ
464 2127 779 2194 δισχιλίους.
846 2125 1171 2194 ἐφθάρησαν
1208 2125 1258 2179 δ’
1296 2132 1423 2188 ἴσως
1455 2127 1524 2178 ἂν
1557 2125 1639 2178 καὶ
1677 2129 1857 2179 πλείο-

169 2232 276 2274 νες,
317 2215 367 2265 εί
404 2215 476 2281 μὴ
519 2215 615 2277 νὺξ
651 2215 850 2276 αὐτοὺς
883 2214 1069 2283 ἐπέσχε
1111 2214 1196 2267 καὶ
1241 2213 1457 2267 διέλυσε
1499 2214 1856 2284 μαχομείιόυς.

168 2302 348 2367 <158>
390 2300 478 2353 καὶ
521 2303 578 2353 οἶ
614 2299 713 2369 μὲν
747 2306 1064 2370 Βενιαμῖται
1106 2307 1386 2372 χαίροντες
1425 2303 1742 2372 ἀνεχώρουν
1782 2305 1858 2366 είς

168 2391 268 2456 τὴν
309 2393 497 2454 πόλιν,
545 2391 603 2442 οἶ
639 2389 687 2441 δ’
730 2390 1054 2460 Ἰσραηλῖται
1113 2395 1580 2459 καταπεπληγότες
1623 2393 1724 2444 ὑπὸ
1766 2401 1858 2459 τῆς

168 2479 328 2545 ἥττης
368 2480 445 2539 εἰς
485 2481 544 2530 τὸ
587 2483 970 2545 στρατόπεδον.
1049 2489 1110 2548 τῇ
1154 2479 1205 2532 δ’
1248 2480 1475 2549 ἐπιούσῃ
1516 2481 1681 2531 πάλιν
1722 2496 1856 2547 συμ-

168 2569 452 2632 βαλόντων
494 2568 550 2618 οἶ
586 2570 898 2635 Βενιαμῖται
945 2577 1226 2635 κρατοῦσι,
1267 2568 1350 2620 καὶ
1398 2571 1700 2635 θνήσκουσι
1746 2578 1855 2620 τῶν

162 2651 513 2722 Ἰσραηλιτῶν
566 2656 950 2724 ὀκτακισχίλιοι
997 2657 1081 2709 καὶ
1127 2659 1341 2725 μύριοι.
1398 2659 1576 2723 (159)
1617 2656 1702 2708 καὶ
1748 2659 1853 2708 δεί-

1891 551 1911 583 5

1889 993 1931 1025 10

1888 1434 1928 1465 15

168 2755 358 2803 σαντες
399 2745 493 2794 τὸν
541 2745 719 2809 φόνον
768 2743 1015 2806 ἐξέλιπον
1057 2748 1115 2797 τὸ
1158 2747 1544 2812 στρατόπεδον.
1621 2763 1853 2811 παραγε-
1878 2759 1922 2789 80

287 2847 308 2893 ἓ
348 2848 428 2885 154
458 2865 509 2878 =
539 2843 676 2886 ludin
713 2843 791 2885 XX
836 2851 898 2888 14,
