2052 3141
832 61 1109 104 ΔΕΊΤΕΡΑ
1745 57 1812 109 81

128 197 595 250 αὐτοῦ’δεσπόσει
643 200 854 265 μᾶλλον
902 198 1134 263 μείνασα
1172 194 1421 263 καθαρά,
1467 191 1559 245 καὶ
1600 194 1815 246 δεσποί-

127 305 226 353 νης
266 283 484 355 ἐξουσίᾳ
514 287 771 354 χρήσεται
803 286 938 353 πρὸς
977 284 1166 351 αὐτόν,
1207 279 1325 335 ἀλλ’
1373 282 1439 335 οὐ
1479 280 1816 349 συνεξαμαρ-

126 373 386 435 τάνοντος
433 374 596 426 αι’δοῖ.
671 375 813 426 πολὺ
863 369 923 424 δὲ
968 381 1218 440 κρεῖττον
1244 368 1408 424 ἐἶναι
1456 376 1689 440 θαρρεῖν
1730 368 1817 422 ἐπὶ

126 459 555 530 γινωσκομένοις
593 469 706 523 τοῖς
757 456 819 513 εὖ
859 459 1217 529 βεβιωμένοις
1258 459 1289 528 ἢ
1330 458 1419 512 ἐπὶ
1458 459 1816 527 λανθανούσῃ

85 563 106 595 5
129 553 483 620 κακοπραγία.

237 639 380 706 <53>
427 645 595 690 ταῦτα
648 636 825 705 λέγων
880 635 970 689 καὶ
1026 639 1102 689 ἔτι
1159 639 1326 689 πλείω
1374 636 1589 698 τούτοις
1639 635 1819 704 ὅμοια,

125 728 225 794 τὴν
278 733 373 794 τῆς
422 728 682 793 γυναικὸς
745 726 922 794 ὁρμὴν
986 724 1226 794 ἐπίσχειν
1293 724 1543 793 ἐπειρᾶτο
1606 723 1695 776 καὶ
1758 726 1818 776 τὸ

125 814 304 876 πάθος
344 813 508 882 αὐτῆς
547 816 622 876 είς
665 815 932 881 λογισμὸν
973 811 1332 882 ἐπιστρέφειν.
1412 812 1444 880 ἢ
1488 810 1547 864 δὲ
1588 815 1820 881 βιαιότε-

126 922 228 972 ρον
284 901 476 970 ἐχρῆτο
531 909 595 971 τῇ
650 903 899 970 σπουδῇ,
953 900 1043 953 καὶ
1103 900 1438 969 ἐπιβαλοῦσα
1492 901 1585 962 τὰς
1639 909 1822 969 χεῖρας

61 1005 102 1036 10
126 989 449 1058 ἀναγκάζειν
502 988 820 1057 ἀπογνοῦσα
867 996 965 1041 τοῦ
1004 991 1220 1040 πείθειν
1261 990 1481 1056 ἤθελεν.
1559 989 1703 1055 <54>
1747 988 1819 1050 ὡς

127 1075 175 1130 δ’
223 1076 484 1147 ἐξέφυγεν
522 1074 614 1130 ὑπ’
662 1077 829 1146 ὀργῆς
868 1077 896 1130 ὁ
933 1074 1193 1145 Ἰώσηπος
1232 1076 1690 1146 προσκαταλιπὼν
1730 1074 1820 1127 καὶ

125 1168 185 1219 τὸ
239 1166 454 1235 ἱμάτιον
503 1166 834 1235 κατεχούσης
887 1164 997 1236 (καὶ
1050 1166 1153 1234 γὰρ
1206 1165 1338 1218 αὐτὸ
1392 1164 1571 1234 [αὐτῇ]
1631 1162 1820 1232 μεθεὶς

130 1254 423 1324 ἐξεπήδησε
465 1263 563 1309 τοῦ
605 1253 934 1324 δωματίου),
981 1255 1237 1324 περιδεὴς
1276 1251 1543 1321 γενομένη
1585 1254 1657 1321 μὴ
1698 1272 1820 1304 κατ-

127 1346 249 1413 είπῃ
282 1345 417 1412 πρὸς
449 1345 545 1396 τὸν
578 1345 754 1412 ἄνδρα
787 1344 970 1411 αὐτῆς,
1010 1341 1099 1395 καὶ
1133 1350 1225 1410 τῆς
1265 1342 1476 1411 ὕβρεως
1516 1345 1821 1410 περιαλγῶς

63 1446 104 1478 15
130 1433 364 1501 ἔχουσα,
419 1432 632 1500 φθάσαι
688 1432 1140 1494 καταψεύσασθαι
1195 1432 1331 1500 πρὸς
1381 1432 1477 1483 τὸν
1529 1434 1821 1499 Πετεφρῆν

130 1521 270 1586 ἔγνω
320 1528 417 1572 τοῦ
459 1516 761 1588 Ἰωσήπου,
817 1518 906 1572 καὶ
954 1520 1127 1591 τούτῳ
1181 1526 1255 1590 τῷ
1297 1521 1479 1591 τρόπῳ
1519 1525 1823 1587 τιμωρῆσαι

129 1604 229 1676 μὲν
281 1607 416 1676 αὑτῇ
473 1609 665 1670 δεινῶς
715 1605 1212 1677 ὑπερηφανημένῃ,
1267 1609 1565 1676 προλαβεῖν
1616 1603 1672 1658 δὲ
1721 1607 1822 1674 τὴν

132 1697 423 1764 διαβολήν,
472 1698 647 1765 σοφὸν
699 1697 807 1765 ἅμα
855 1695 943 1748 καὶ
987 1704 1303 1763 γυναικεῖον
1344 1695 1598 1763 ἡγήσατο.
1679 1694 1821 1761 <ὅῖ>>

131 1782 220 1835 καὶ
267 1789 513 1852 καθῆστο
561 1781 661 1853 μὲν
711 1786 954 1853 κατηφὴς
1000 1783 1089 1836 καὶ
1131 1783 1541 1853 συγκεχυμένη,
1597 1784 1696 1851 τὴν
1737 1781 1824 1834 ἐπὶ

63 1887 107 1918 20
130 1879 203 1944 τῷ
240 1873 558 1942 διαμαρτεῖν
591 1881 684 1941 τῆς
717 1873 1012 1941 ἐπιθυμίας
1045 1874 1225 1940 λύπην
1267 1873 1338 1934 ὡς
1380 1870 1466 1925 ἐπὶ
1505 1874 1667 1942 πείρα
1707 1872 1825 1923 δια-

128 1966 346 2031 φθορᾶς
383 1960 699 2030 πλασαμένη
741 1959 853 2029 μετ’
902 1962 1095 2030 ὀργῆς,
1138 1960 1361 2014 ἐλθόντι
1402 1957 1460 2012 δὲ
1502 1957 1695 2028 τάνδρὶ
1734 1958 1826 2012 καὶ

127 2051 263 2119 πρὸς
286 2051 386 2118 τὴν
412 2051 542 2114 ὄψιν
567 2048 896 2119 ταραχθέντι
928 2048 1018 2101 καὶ
1051 2047 1459 2120 πυνθανομένῳ
1493 2049 1593 2116 τὴν
1626 2050 1824 2116 αἰτίαν,

128 2145 222 2205 τῆς
274 2142 601 2208 κατηγορίας
653 2146 745 2207 τῆς
802 2135 1069 2207 Ἰωσήπου
1126 2137 1459 2207 κατήρξατο,
1534 2137 1677 2204 <56>
1734 2142 1830 2188 καί

134 2224 442 2294 (τεθναίης’
500 2223 685 2294 εἶπεν,
743 2227 935 2296 (ἄνερ,
989 2227 1021 2295 ἢ
1072 2228 1318 2295 πονηρὸν
1375 2227 1582 2278 δοῦλον
1636 2228 1825 2292 κοίτην

67 2327 108 2359 25
134 2322 323 2382 μιᾶναι
362 2316 462 2382 τὴν
503 2316 606 2382 σὴν
648 2314 987 2382 ἐθελήσαντα
1021 2317 1280 2381 κόλασον,
1319 2314 1378 2376 ὃς
1418 2311 1544 2367 οὔθ’
1593 2306 1707 2374 οἷος
1747 2312 1824 2364 ὢν

135 2404 212 2464 εἰς
249 2404 346 2455 τὸν
378 2400 643 2472 ἡμέτερον
677 2399 830 2456 οἶκον
864 2402 1083 2472 ἀφῖκται
1125 2400 1392 2471 μνησθεὶς
1416 2401 1825 2470 ἐσωφρόνησεν,

135 2488 261 2543 οὔθ’
309 2491 455 2543 ὅσων
496 2489 554 2542 ἐκ
593 2498 687 2558 τῆς
727 2500 824 2560 σῆς
862 2494 1225 2561 χρηστότητος
1266 2493 1487 2559 ἔτυχεν,
1528 2486 1649 2540 ἀλλ’
1697 2488 1825 2557 ἀχά-

134 2594 316 2648 ριστος
356 2580 432 2631 ὢν
473 2578 541 2631 ἂν
574 2580 624 2630 εἰ
661 2581 732 2647 μὴ
773 2579 948 2632 πάντα
982 2589 1238 2649 παρεῖχεν
1279 2579 1446 2630 αὑτὸν
1487 2577 1707 2644 ἀγαθὸν
1747 2579 1824 2639 εἰς

137 2666 294 2735 ἡμᾶς,
335 2666 731 2735 ἐπεβούλευσεν
770 2668 993 2737 ὑβρίσαι
1027 2669 1203 2736 γάμον
1244 2669 1340 2719 τὸν
1382 2669 1500 2732 σόν,
1542 2663 1631 2717 καὶ
1670 2664 1818 2718 ταῦτ’

69 2769 112 2800 30
139 2754 198 2807 ἐν
238 2753 416 2824 ἑορτῇ,
456 2756 556 2822 τὴν
597 2756 700 2823 σὴν
734 2754 1004 2808 ἀπουσίαν
1044 2754 1455 2825 παραφυλάξας·
1499 2753 1556 2815 ὃς
1597 2754 1698 2805 ὅσα
1736 2751 1825 2806 καὶ

259 2859 284 2907 ξ
319 2860 373 2898 53
401 2878 456 2891 =
482 2854 592 2898 Gen.
627 2855 820 2899 XXXIX
854 2863 919 2900 1-2.

226 2937 439 2970 ΙοεΕΡΗυε.
477 2938 512 2971 Ι.
1535 2935 1559 2973 6
