2052 3141
874 99 1138 139 HEMHTH
1746 99 1854 152 269

165 239 264 285 τοῦ
295 227 561 300 βασιλέως
591 233 879 300 τιμωρίαν,
920 230 1057 283 ἀλλά
1089 231 1311 285 πανοικὶ
1345 231 1516 302 αὐτὴν
1549 232 1855 287 ἀπολέσθαι

166 317 363 389 κακῶς)
417 320 562 386 <12>
610 317 1032 387 παρακαλέσασα
1089 321 1180 372 διὰ
1232 323 1448 389 μνήμης
1497 324 1671 391 ἔχειν,
1725 321 1857 374 ὅταν

168 407 442 477 ἐγκρατεῖς
472 414 566 475 τῆς
598 411 928 461 Χαναναίων
960 416 1058 476 γῆς
1097 409 1457 472 καταστάντες
1496 409 1733 479 ἀμοιβὴν
1775 409 1858 463 ἐκ-

165 505 310 549 τῖσαι
359 496 635 549 δύνωνται
688 503 782 564 τῆς
836 497 958 565 ἄρτι
1007 500 1307 567 σωτηρίας,
1361 507 1561 567 χωρεῖν
1611 496 1858 551 ἐκέλευεν

121 598 141 629 5
167 583 254 637 ἐπὶ
293 585 358 636 τὰ
398 586 602 653 οἰκεῖα,
643 585 949 653 ὀμόσαντας
987 581 1019 653 ἦ
1061 587 1170 654 μὴν
1212 588 1410 638 σώσειν
1451 587 1625 655 αὐτὴν
1664 585 1754 640 καὶ
1794 588 1859 639 τὰ

167 673 357 741 αὐτῆς,
405 672 537 725 ὅταν
575 674 675 741 τὴν
715 676 879 726 πόλιν
920 671 1135 737 ἑλόντες
1173 677 1449 744 φθείρωσι
1488 675 1693 737 πάντας
1732 677 1861 738 τοὺς

167 760 225 813 ἐν
266 760 401 830 αὐτῇ
441 761 576 812 κατὰ
615 762 675 814 τὸ
722 764 979 830 ψήφισμα
1025 764 1085 815 τὸ
1134 761 1259 832 παρ’
1308 763 1493 825 αὐτοῖς
1533 766 1857 831 γενόμενον·

165 856 334 900 ταῦτα
380 848 484 917 γὰρ
536 850 741 901 εἰδέναι.
794 852 1038 918 σημείοις
1084 849 1230 902 τισὶν
1279 849 1338 902 ἐκ
1386 859 1485 904 τοῦ
1524 856 1665 904 θεοῦ
1707 852 1860 904 διδα-

164 942 412 1006 χθεῖσαν.
492 937 635 1004 <13>
688 940 745 990 οἳ
794 935 853 990 δὲ
904 937 993 990 καὶ
1044 937 1169 1008 περὶ
1219 948 1328 991 τῶν
1379 942 1670 1008 παρόντων
1723 940 1859 1009 αὐτῇ

100 1039 143 1071 10
165 1025 327 1095 χάριν
363 1027 506 1094 ἔχειν
540 1025 885 1095 ὡμολόγουν,
925 1025 1015 1079 καὶ
1046 1025 1170 1096 περὶ
1202 1036 1313 1082 τῶν
1346 1030 1660 1095 μελλόντων
1695 1024 1862 1091 αὖθις

168 1114 391 1182 ὤμνυον
424 1115 565 1186 ε”ργςο
598 1115 698 1182 τὴν
731 1114 970 1184 ἀμοιβὴν
1011 1114 1344 1168 ἀποδώσειν·
1386 1115 1548 1183 ἡνίκα
1582 1114 1629 1167 δ’
1671 1115 1740 1168 ἂν
1781 1122 1862 1169 αἵ-

169 1207 369 1271 σθηται
394 1202 699 1271 μελλούσης
724 1202 1050 1256 ἁλίσκεσθαι
1074 1211 1168 1272 τῆς
1191 1206 1420 1272 πόλεως,
1454 1205 1863 1272 συνεβούλευον

168 1293 360 1359 κτῆσίν
399 1309 455 1342 τε
495 1291 594 1358 τὴν
635 1291 801 1359 αὐτῆς
840 1290 930 1344 καὶ
962 1294 1091 1354 τοὺς
1130 1293 1367 1355 οἰκείους
1407 1293 1646 1355 ἅπαντας
1685 1295 1762 1356 εἰς
1803 1295 1863 1345 τὸ

168 1380 510 1447 καταγώγιον
551 1377 904 1448 ἀποθεμένην
946 1379 1325 1449 ἐγκαθεῖρξαι,
1373 1383 1478 1451 πρὸ
1519 1391 1628 1433 τῶν
1668 1387 1864 1450 θυρῶν

103 1481 144 1514 15
170 1466 534 1519 ἀνατείνασαν
561 1469 894 1535 φοινικίδας,
927 1468 1072 1530 ὅπως
1084 1469 1265 1531 ,εἰδὼς
1294 1469 1394 1536 τὴν
1428 1470 1606 1522 οἰκιάν
1641 1470 1668 1523 ὁ
1705 1485 1864 1539 στρα-

169 1557 332 1623 τηγὸς
392 1555 728 1624 φυλάττηται
790 1545 967 1618 κακῶς
1028 1566 1222 1609 ποιεῖν.
1315 1557 1458 1624 <14>
1516 1557 1866 1627 (μηνύσομεν

170 1644 274 1713 γὰρ
327 1644 501 1716 αὐτῷ’
555 1646 765 1713 ἔφασαν
815 1645 932 1696 (διὰ
979 1647 1039 1697 τὸ
1090 1648 1190 1698 σὸν
1244 1647 1514 1710 σώζεσθαι
1555 1649 1867 1716 πρόθυμον.

171 1734 221 1784 εἰ
259 1730 324 1785 δέ
370 1753 450 1794 τις
497 1731 556 1785 ἐν
596 1741 658 1802 τῇ
708 1733 850 1803 μάχῃ
897 1731 1054 1786 πέσοι
1101 1743 1212 1786 τῶν
1261 1744 1400 1801 σῶν,
1451 1736 1519 1787 σύ
1559 1731 1604 1786 τ’
1654 1735 1755 1788 οὐκ
1797 1735 1866 1788 ἂν

168 1820 300 1893 ἡμῖν
342 1820 650 1889 ἐπενέγκοις
689 1823 896 1889 αἰτίαν,
936 1825 1032 1875 τόν
1072 1842 1128 1874 τε
1168 1825 1335 1891 θεόν,
1376 1823 1439 1875 ὃν
1481 1824 1866 1893 ὀμωμόκαμεν,

97 1924 140 1956 20
163 1910 581 1979 παραιτούμεθα
613 1907 786 1979 μηδὲν
820 1911 892 1974 ὡς
926 1909 1012 1964 ἐπὶ
1052 1914 1459 1981 παραβαίνουσι
1499 1915 1628 1974 τοὺς
1668 1913 1867 1982 ὅρκους

166 1998 540 2068 δυσχερᾶναιῖ
607 1999 751 2067 <15>
785 1998 874 2052 καὶ
916 2003 973 2053 οἳ
1009 1997 1109 2068 μὲν
1143 2009 1314 2053 ταῦτα
1355 1999 1692 2069 συνθέμενοι
1733 2001 1864 2071 ἐχώ-

162 2107 320 2156 ρουν,
361 2088 452 2140 διὰ
491 2096 589 2140 τοῦ
627 2090 840 2158 τείχους
878 2091 1284 2157 καθιμήσαντες
1324 2088 1571 2158 ἑαυτούς,
1611 2088 1703 2142 καὶ
1745 2091 1863 2142 δια-

164 2173 438 2238 σωθέντες
475 2178 610 2245 πρὸς
649 2180 777 2239 τοὺς
818 2179 1054 2241 οἰκείους
1092 2177 1382 2246 ἐδήλωσαν
1424 2179 1525 2231 ὅσα
1565 2177 1866 2247 πράξαντες

166 2262 254 2315 ἐπὶ
298 2270 392 2331 τῆς
441 2266 650 2326 πόλεως
696 2261 846 2332 ἧκον.
918 2264 1132 2335 Ἰησοῦς
1186 2264 1245 2319 δὲ
1295 2274 1367 2338 τῷ
1411 2266 1654 2336 ἀρχιερεῖ
1684 2264 1864 2319 Ἐλεα-

112 2364 153 2396 25
181 2351 321 2423 ζάρῳ
356 2349 446 2404 καὶ
479 2359 542 2421 τῇ
575 2356 838 2424 γερουσίᾳ
870 2354 1061 2423 φράζει
1100 2356 1165 2407 τὰ
1198 2363 1311 2417 τοῖς
1335 2358 1696 2418 κατασκόποις
1737 2357 1865 2425 ὀμο-

166 2437 338 2491 θέντα
376 2441 513 2508 πρὸς
551 2441 651 2508 τὴν
683 2438 972 2510 Ῥαχάβην·
1015 2445 1071 2494 οἳ
1107 2440 1156 2494 δ’
1198 2442 1502 2513 ἐπεκύρουν
1542 2446 1637 2496 τὸν
1679 2444 1864 2514 ὅρκον.

278 2528 419 2595 <16>
453 2529 698 2590 δεδιότος
730 2526 790 2581 δὲ
822 2537 920 2582 τοῦ
965 2539 1199 2599 στρατοῦ
1239 2533 1340 2599 τὴν
1381 2532 1657 2600 διάβασιν,
1697 2532 1864 2602 μέγας

167 2617 270 2685 γάρ
295 2611 364 2684 ἦν
391 2616 419 2669 ὁ
445 2619 684 2685 ποταμὸς
706 2625 781 2689 τῷ
812 2617 1059 2687 ῥεύματι,
1086 2618 1176 2671 καὶ
1210 2620 1336 2672 οὔτε
1370 2621 1636 2689 γεφύραις
1666 2639 1865 2691 πορευ-

167 2707 258 2766 τός
298 2703 388 2770 (οὐ
421 2706 526 2773 γὰρ
560 2707 774 2769 ἐζευκτό
813 2723 896 2758 πω
936 2710 1227 2778 πρότερον,
1270 2706 1645 2776 βουλομένους
1683 2729 1738 2762 τε
1778 2730 1866 2778 γε-

103 2805 147 2837 30
171 2801 390 2863 φυροῦν
423 2793 523 2862 οὐχ
556 2793 696 2857 ἕξειν
730 2796 934 2863 σχολὴν
974 2796 1120 2864 παρὰ
1159 2806 1270 2848 τῶν
1310 2799 1587 2865 πολεμίων
1625 2797 1865 2867 ὑπελάμ-

299 2897 322 2946 ἓ
358 2897 411 2936 12
439 2893 608 2938 =10s.
641 2894 683 2938 ΙΙ
719 2899 785 2938 12.
