2052 3141
827 21 1090 60 HEMHTH
1697 16 1804 69 319

118 155 184 207 οὐ
235 152 545 222 γινομένων
597 153 780 224 αὐτῷ,
836 153 1135 222 δυσφορῶν
1188 150 1274 204 ε’πὶ
1325 159 1387 220 τῇ
1437 151 1664 222 ἀπαιδίᾳ
1709 154 1806 205 τὸν

115 245 254 295 θεὸν
288 241 544 310 ἱκέτευεν,
586 240 670 294 ε’πὶ
704 243 763 294 τὸ
796 241 1125 309 προάστειον
1159 251 1401 310 συνεχῶς
1432 250 1641 310 φοιτῶν
1674 241 1806 309 μετὰ

115 339 210 399 τῆς
247 333 535 398 γυναικός,
583 332 780 383 δοῦναι
830 330 1096 398 διαδοχὴν
1148 329 1334 396 αὐτοῖς
1373 333 1627 397 γνησίαν·
1670 328 1807 397 μέγα

118 417 166 472 δ’
215 417 328 471 ἐστὶ
367 427 529 472 τοῦτο
569 420 630 471 τὸ
678 420 885 471 πεδίον.
966 418 1146 485 <277>
1188 414 1257 485 ἦν
1299 415 1358 469 δὲ
1398 416 1487 469 καὶ
1528 419 1808 485 μανιώδης

71 505 209 560 5ὑπ’
257 510 457 577 ἔρωτος
504 505 590 560 ε’πὶ
637 514 700 575 τῇ
748 505 970 574 γυναικὶ
1017 504 1107 557 καὶ
1157 507 1247 558 διὰ
1299 515 1460 559 τοῦτο
1512 509 1808 575 ζηλότυπος

116 595 376 666 ἀκρατῶς.
454 599 772 665 μονωθείσῃ
814 592 874 647 δὲ
905 603 968 664 τῇ
1003 593 1223 662 γυναικὶ
1263 596 1553 664 φάντασμα
1593 594 1808 664 ἐπιφαί-

116 703 295 753 νεται,
350 686 580 753 ἄγγελος
625 693 723 738 τοῦ
769 690 936 751 θεοῦ,
983 688 1176 754 νεανίᾳ
1223 689 1369 755 καλῷ
1423 686 1807 753 παραπλήσιον

116 771 206 825 καὶ
246 773 482 845 μεγάλῳ,
522 773 1010 840 εὐαγγελιζόμενον
1052 772 1186 841 αὐτῇ
1227 770 1634 840 παιδὸςγονην
1674 772 1807 824 κατὰ

116 866 257 914 θεοῦ
304 864 605 928 πρόνοιαν,
651 865 824 913 καλοῦ
871 880 926 912 τε
967 858 1057 912 καὶ
1098 861 1288 929 ῥώμην
1329 860 1655 929 ἐπιφανοῦς,
1705 858 1798 928 ὑφ’

51 967 93 998 10
118 943 159 1020 ᾧ
192 950 458 1016 πονήσειν
484 950 892 1009 Παλαιστινοὺς
926 946 1302 1019 ἀνδρουμένῳ.
1367 949 1547 1015 <278>
1574 946 1808 1018 παρῄνει

115 1056 171 1089 τε
212 1038 305 1098 τὰς
336 1039 505 1105 κόμας
537 1035 682 1107 αὐτῷ
718 1037 790 1103 μὴ
825 1034 1157 1103 ἀποκείρειν·
1200 1037 1349 1087 ἔσται
1391 1033 1440 1087 δ’
1488 1035 1633 1106 αὐτῷ
1674 1038 1810 1103 πρὸς

117 1126 250 1178 ἄλλο
277 1121 377 1193 μὲν
401 1132 510 1177 πᾶν
542 1126 712 1177 ποτὸν
745 1123 1084 1193 ἀποστροφή,
1124 1132 1222 1176 τοῦ
1261 1129 1400 1176 θεοῦ
1440 1133 1601 1177 τοῦτο
1641 1138 1808 1193 προσ-

116 1213 439 1280 τάττοντος,
479 1215 616 1281 πρὸς
646 1212 799 1281 ὕδωρ
851 1209 907 1264 δὲ
943 1215 1118 1280 μόνον
1152 1214 1436 1280 οἰκειότης.
1513 1210 1604 1263 καὶ
1645 1211 1672 1264 ὃ
1707 1209 1808 1280 μὲν

116 1296 266 1355 ταῦτ’
312 1302 482 1353 εἰπὼν
530 1299 729 1372 ᾤχετο,
780 1301 915 1353 κατὰ
963 1301 1232 1369 βούλησιν
1282 1300 1465 1352 ε’λθὼν
1512 1308 1611 1353 τοῦ
1649 1305 1808 1368 θεοῦ,

52 1406 93 1438 15
119 1390 297 1457 <279>
330 1389 362 1456 ἣ
398 1386 457 1441 δὲ
489 1387 683 1456 τάνδρὶ
714 1388 1142 1461 παραγενομένῳ
1175 1390 1239 1440 τὰ
1271 1387 1395 1458 περὶ
1428 1398 1526 1441 τοῦ
1567 1387 1804 1456 ἀγγέλου

118 1477 498 1547 ἐκδιηγήσατο,
537 1478 899 1545 θαυμάζουσα
931 1486 1029 1530 τοῦ
1061 1480 1355 1529 νεανίσκου
1387 1479 1448 1530 τὸ
1481 1478 1680 1539 κάλλος
1718 1476 1809 1530 καὶ

116 1568 177 1619 τὸ
218 1564 477 1635 μέγεθος,
524 1567 597 1629 ὡς
637 1565 849 1619 ἐκεῖνον
902 1565 960 1617 ἐκ
1000 1575 1109 1618 τῶν
1152 1565 1391 1617 ἐπαίνων
1432 1567 1509 1628 είς
1549 1565 1807 1634 ἔκπληξιν

116 1654 252 1707 κατὰ
278 1657 606 1723 ζηλοτυπίαν
630 1661 950 1723 περιστῆναι
987 1652 1076 1706 καὶ
1099 1653 1371 1706 ὑπόνοιαν
1404 1656 1504 1722 τὴν
1537 1653 1595 1707 ἐκ
1628 1657 1808 1708 τοιού-

117 1763 215 1796 του
255 1743 473 1806 πάθους
518 1741 870 1811 κινουμένην.
947 1743 1127 1809 <280>
1171 1742 1204 1809 ἣ
1247 1739 1306 1794 δὲ
1355 1742 1666 1812 βουλομένη
1707 1745 1808 1812 τὴν

51 1847 94 1878 20
118 1832 322 1899 ἄλογον
354 1831 588 1898 τάνδρὸς
620 1831 799 1899 λύπην
832 1835 1112 1898 σταλῆναι,
1152 1832 1248 1883 τὸν
1286 1832 1423 1882 θεὸν
1466 1829 1668 1884 ἱκέτευε
1708 1832 1808 1884 πά-

119 1924 209 1972 λιν
247 1919 455 1988 πέμψαι
487 1922 584 1973 τὸν
617 1920 873 1987 ἄγγελον,
913 1920 985 1981 ὡς
1018 1918 1086 1971 ἂν
1118 1916 1208 1971 καὶ
1248 1917 1442 1987 τάνδρὶ
1482 1919 1647 1987 αὐτῆς
1687 1920 1807 1989 ὁρα-

117 2011 261 2077 θείη.
338 2007 429 2061 καὶ
468 2010 824 2077 παραγίνεται
870 2008 1038 2060 πάλιν
1086 2008 1221 2060 κατὰ
1260 2008 1420 2077 χάριν
1460 2016 1558 2061 τοῦ
1597 2014 1738 2061 θεοῦ
1779 2009 1807 2062 ὁ

121 2097 368 2165 ἄγγελος,
407 2098 585 2149 ὄντων
619 2096 678 2149 ἐν
710 2104 784 2168 τῷ
826 2100 1150 2169 προαστείῳ,
1191 2095 1280 2148 καὶ
1320 2104 1383 2164 τῇ
1425 2095 1644 2163 γυναικὶ
1683 2101 1808 2166 φαί-

119 2203 270 2238 νεται
316 2184 550 2255 τάνδρὸς
597 2184 972 2255 μεμονωμένῃ.
1050 2185 1082 2252 ἣ
1136 2183 1183 2237 δ’
1233 2185 1504 2254 ἐπιμεῖναι
1545 2186 1808 2253 δεηθεῖσα

54 2287 96 2320 25
122 2273 194 2335 ὡς
232 2272 301 2325 ἂν
341 2273 536 2340 ἀγάγοι
583 2275 679 2326 τὸν
720 2274 924 2342 ἄνδρα,
973 2276 1431 2342 συγχωρήσαντος
1470 2271 1673 2341 μέτεισι
1713 2276 1809 2327 τὸν

118 2362 420 2431 Μανώχην.
498 2362 678 2429 <281>
720 2361 748 2413 ὃ
791 2358 850 2413 δὲ
889 2361 1232 2429 θεασάμενος
1272 2360 1391 2414 οὐδ’
1432 2362 1606 2424 οὕτως
1645 2361 1809 2415 ἐπαύ-

121 2463 252 2503 σατο
299 2458 393 2518 τῆς
441 2449 738 2517 ὑπονοίας,
784 2448 986 2517 ἠξίωσέ
1027 2469 1083 2501 τε
1132 2448 1221 2501 καὶ
1270 2449 1414 2520 αὐτῷ
1459 2448 1810 2518 δηλοῦνὸσα

119 2538 210 2591 καὶ
241 2546 304 2608 τῇ
337 2536 558 2606 γυναικὶ
590 2539 902 2606 μηνύσειεν.
958 2536 1211 2607 ἀρκέσειν
1244 2535 1304 2590 δὲ
1336 2539 1650 2607 φράσαντος
1682 2541 1809 2591 ταύ-

120 2646 220 2694 την
268 2629 445 2695 μόνην
492 2625 722 2695 εἰδέναι,
769 2629 849 2688 τίς
895 2631 977 2694 εἴη
1027 2624 1207 2693 λέγειν
1254 2625 1531 2695 ἐκέλευεν,
1579 2628 1670 2679 ἵνα
1709 2636 1807 2680 τοῦ

54 2728 98 2759 30
120 2716 316 2777 παιδὸς
347 2713 648 2783 γενομένου
680 2715 840 2785 χάριν
873 2715 1018 2785 αὐτῷ
1060 2713 1150 2766 καὶ
1184 2716 1398 2785 δωρεὰν
1438 2715 1807 2785 παράσχωσιν.

243 2819 265 2868 ἓ
299 2819 382 2859 277
410 2837 465 2850 =
488 2815 632 2858 Iudio.
671 2815 779 2858 XIII
811 2820 850 2858 3.
