2052 3141
862 82 1137 123 TETAPTH
1734 79 1838 131 257

154 219 414 280 κίνδυνος
464 217 536 280 ὡς
592 214 1018 285 ἐμπεσουμένοις
1070 209 1120 284 ᾗ.
1198 215 1381 282 <284>
1432 210 1499 267 οὗ
1551 211 1600 266 δ’
1648 213 1716 266 ἂν
1767 217 1843 278 είς

155 309 369 376 ὄρυγμα
418 312 672 358 τοιοῦτον
719 305 791 372 μὴ
840 303 1091 355 κλειστὸν
1131 301 1369 370 ἐμπεσὸν
1409 302 1658 370 βόσκημά
1697 322 1845 365 τινος

155 397 461 464 διαφθαρῇ,
498 395 600 462 τὴν
637 393 801 461 τιμὴν
841 391 1013 445 αὐτοῦ
1052 398 1125 461 τῷ
1171 391 1405 462 δεσπότῃ
1446 388 1842 459 καταβαλλέτω.

154 480 570 552 περιβαλλέσθω
605 478 665 533 δὲ
696 478 787 533 καὶ
817 488 931 542 τοῖς
961 477 1175 547 τέγεσιν
1208 479 1343 547 ἅπερ
1377 479 1448 540 ὡς
1481 477 1601 531 ἀντὶ
1633 482 1845 549 τείχους

111 590 130 622 5
156 572 286 624 ὄντα
326 570 427 624 οὐκ
468 569 613 623 ἐάσει
652 570 804 631 τινας
843 565 1315 629 ἀποκυλισθέντας
1356 564 1674 620 ἀπολέσθαι.

265 660 446 727 <285>
469 660 934 728 παρακαταθήκην
968 653 1047 723 δέ,
1079 656 1261 724 ὥσπερ
1297 656 1448 724 ἱερόν
1480 674 1531 707 τι
1563 653 1653 708 καὶ
1684 661 1845 708 θεῖον

155 756 352 817 χρῆμα,
385 747 413 800 ὁ
445 747 779 817 παραλαβὼν
811 749 1056 815 φυλακῆς
1088 743 1341 811 ἀξιούτω,
1373 741 1461 795 καὶ
1495 742 1683 812 μηδεὶς
1715 743 1848 796 ἀπο-

158 842 414 905 στερῆσαι
445 837 794 904 θρασυνθείη
822 836 917 887 τὸν
941 834 1354 899 πεπιστευκότα,
1388 830 1509 900 μήτ’
1541 831 1680 901 ἀνὴρ
1715 835 1847 901 μήτε

156 926 318 993 γυνή,
357 922 482 992 μηδ’
523 925 573 976 εί
609 924 817 993 χρυσὸν
850 923 1078 990 ἄπειρον
1112 919 1301 989 μέλλοι
1337 921 1648 989 κερδαίνειν
1688 940 1848 973 κατα-

91 1033 133 1064 10
156 1021 384 1082 φρονῶν
415 1019 488 1084 τῷ
523 1009 716 1081 μηδέν’
757 1007 898 1063 εἶναι
929 1011 1027 1062 τὸν
1070 1008 1430 1076 ἐξελέγξοντα.
1494 1009 1675 1077 <286>
1714 1006 1841 1061 καθ’

158 1101 292 1154 ὅλου
326 1098 427 1169 μὲν
459 1101 563 1169 γὰρ
595 1102 655 1153 τὸ
690 1099 944 1161 συνειδὸς
977 1097 1336 1166 ἐπιστάμενον
1376 1098 1436 1149 τὸ
1472 1096 1643 1149 αὑτοῦ
1683 1111 1849 1165 προσ-

158 1197 289 1257 ἧκεν
340 1188 568 1242 ἕκαστον
623 1183 684 1240 εὖ
739 1187 1029 1256 πράττειν,
1080 1185 1171 1238 καὶ
1222 1185 1457 1254 μάρτυρι
1506 1184 1850 1254 ἀρκούμενον

160 1278 306 1349 αὑτῷ
347 1278 522 1330 πάντα
572 1285 752 1330 ποιεῖν
794 1276 825 1328 ἑὲ
864 1273 990 1344 παρ’
1038 1276 1220 1328 ἄλλων
1261 1277 1488 1328 ε’παινον
1528 1274 1674 1345 αὐτῷ
1717 1292 1851 1342 παρ-

162 1365 288 1434 έξει,
327 1366 559 1435 μάλιστα
593 1361 653 1417 δὲ
685 1367 782 1418 τὸν
813 1366 971 1432 θεόν,
1012 1363 1076 1416 ὃν
1111 1361 1294 1425 οὐδεὶς
1325 1364 1565 1432 πονηρὸς
1605 1362 1682 1415 ὢν
1724 1366 1849 1415 λαν-

94 1472 134 1505 15
159 1455 338 1508 θάνει.
415 1454 597 1521 <287>
637 1455 687 1506 εἰ
725 1449 784 1505 δὲ
825 1449 997 1521 μηδὲν
1038 1451 1334 1520 ἐπίβουλον
1376 1452 1525 1521 δρῶν
1566 1451 1594 1504 ὁ
1634 1464 1851 1503 πιστευ-

159 1542 281 1606 θεὶς
343 1539 693 1609 ἀπολέσειεν,
756 1540 1088 1610 ἀφικόμενος
1143 1536 1229 1592 ἐπὶ
1292 1540 1420 1601 τοὺς
1481 1536 1612 1591 ἑπτὰ
1666 1540 1852 1608 κριτὰς

162 1632 379 1700 ὀμνύτω
412 1633 509 1684 τὸν
540 1632 678 1684 θεὸν
720 1630 802 1682 ὅτι
835 1626 1008 1698 μηδὲν
1048 1629 1193 1697 παρὰ
1232 1628 1332 1696 τὴν
1373 1626 1543 1680 αὑτοῦ
1583 1628 1851 1696 βούλησιν

162 1720 424 1773 ἀπόλοιτο
464 1718 554 1772 καὶ
593 1722 818 1787 κακίαν,
859 1715 988 1770 οὐδὲ
1028 1714 1377 1787 χρησαμένου
1417 1714 1526 1768 τινὶ
1566 1714 1716 1786 μέρει
1758 1716 1853 1768 αὐ-

163 1818 282 1878 τῆς,
335 1807 427 1861 καὶ
481 1808 653 1871 οὕτως
701 1806 1078 1868 ἀνεπαιτίατος
1129 1804 1315 1857 ἀπίτω.
1402 1804 1742 1874 χρησάμενος
1795 1802 1854 1857 δὲ

96 1915 140 1946 20
163 1897 267 1951 κᾶν
309 1897 593 1967 ἐλάχιστον
634 1895 797 1966 μέρος
835 1904 946 1948 τῶν
992 1891 1437 1961 πεπιστευμένων
1478 1891 1546 1945 ἂν
1588 1892 1856 1956 ἀπολέσας

164 1987 320 2057 τύχῃ,
350 1987 414 2038 τὰ
447 1987 610 2040 λοιπὰ
641 1981 809 2038 πάνθ’
843 1985 875 2037 ἃ
908 1986 1104 2052 ἔλαβεν
1137 1982 1443 2035 ἀποδοῦναι
1467 1983 1854 2048 κατεγνώσθω.

165 2077 346 2143 <288>
379 2076 578 2144 ὁμοίως
612 2071 672 2127 δὲ
703 2081 778 2145 τῷ
809 2072 934 2144 περὶ
972 2076 1467 2143 παρακαταθηκῶν,
1505 2069 1608 2122 κᾶν
1649 2073 1855 2138 μισθόν

165 2184 245 2226 τις
284 2163 625 2234 ἀποστερήσῃ
665 2173 776 2216 τῶν
816 2160 903 2215 ἐπὶ
945 2163 1155 2229 σώμασι
1195 2168 1307 2222 τοῖς
1347 2158 1528 2210 αὑτῶν
1570 2157 1855 2227 ἐργαζομέ-

165 2273 301 2320 νων,
340 2255 640 2320 μεμνήσθω
682 2252 765 2304 ὅτι
805 2252 906 2304 οὐκ
947 2246 1344 2318 ἀποστερητέον
1385 2246 1589 2315 ἀνδρὸς
1627 2245 1856 2315 πένητος

100 2355 142 2388 25
169 2342 396 2409 μισθόν,
434 2342 647 2403 εἰδότας
679 2341 751 2403 ὡς
783 2338 902 2392 ἀντὶ
936 2347 1034 2407 γῆς
1072 2337 1162 2390 καὶ
1194 2347 1304 2389 τῶν
1345 2337 1528 2387 ἄλλων
1569 2336 1855 2403 κτημάτων

169 2430 198 2483 ὁ
237 2431 369 2490 θεὸς
409 2428 554 2500 αὐτῷ
596 2436 793 2482 τοῦτον
826 2433 907 2496 εἴη
948 2426 1313 2495 παρεσχηκώς.
1391 2422 1528 2476 ἀλλὰ
1561 2420 1687 2491 μηδ’
1727 2423 1857 2476 ἀνα-

169 2518 475 2586 βάλλεσθαι
506 2518 605 2585 τὴν
646 2515 933 2583 ἀπόδοσιν,
973 2511 1090 2566 ἀλλ’
1131 2513 1450 2580 αὐθημερὸν
1492 2509 1745 2580 ἐκτίνειν,
1786 2513 1859 2574 ὡς

173 2607 239 2660 οὐ
272 2603 617 2674 βουλομένου
649 2612 747 2658 τοῦ
779 2610 918 2656 θεοῦ
957 2611 1050 2670 τῆς
1091 2601 1144 2664 ἐξ
1187 2596 1264 2652 ὧν
1304 2602 1576 2668 πεπόνηκε
1617 2602 1860 2669 χρήσεως

170 2694 422 2763 ὑστερεῖν
461 2695 558 2746 τὸν
597 2691 973 2762 εἰργασμένον.

291 2814 314 2862 ἓ
349 2813 436 2853 284
463 2831 516 2845 =
542 2808 686 2852 EXOd.
722 2808 828 2851 XXI
862 2813 930 2851 33.
1009 2810 1032 2858 ἓ
1067 2809 1153 2849 285
1180 2826 1235 2840 =
1260 2803 1404 2847 EXOd.
1438 2803 1565 2846 XXII
1599 2810 1637 2848 7.
1716 2808 1740 2857 ξ
1772 2809 1857 2848 ‘287

173 2905 227 2927 .=
253 2883 398 2926 Exod.
431 2881 560 2925 XXII
593 2887 660 2927 11.
739 2887 868 2936 §288
894 2903 949 2918 =
973 2880 1160 2923 Denter.
1192 2877 1342 2921 XXIV
1377 2881 1443 2922 15.

260 2964 472 2998 IosnPHtrs.
508 2965 540 2997 Ι.
1539 2955 1560 2994 1
1570 2956 1591 2994 7

1879 670 1933 710 38
