2052 3141
822 63 1097 104 ΔΕΤΤΕΡΑ
1738 61 1808 112 75

117 217 210 259 τας
243 197 491 267 ἐπειρᾶτο
524 195 789 267 κατέχειν,
827 197 1158 258 ὑποδεικνὺς
1189 197 1249 248 τὸ
1283 194 1516 264 μέγεθος
1548 203 1646 248 τοῦ
1685 199 1809 248 τολ-

117 288 359 354 μήματος
397 283 488 338 καὶ
533 287 594 339 τὸ
643 282 733 338 ἀπ’
781 285 951 338 αὐτοῦ
1003 286 1208 353 μύσος,
1264 285 1408 351 <22>
1451 285 1523 346 ὡς
1561 285 1809 353 πονηρὸν

117 371 218 442 μὲν
264 372 354 427 καὶ
401 379 516 445 θεῷ
570 373 923 443 κάνθρώποις
970 372 1199 426 ἀνόσιον
1242 372 1451 425 ’δοκοῦν
1503 370 1592 424 καὶ
1632 373 1691 424 τὸ
1734 373 1807 439 μὴ

117 470 420 529 συγγενοῦς
451 461 755 531 ἀνθρώπου
788 467 1177 531 χειρουργῆσαι
1209 463 1407 529 φόνον,
1446 463 1587 514 πολὺ
1621 458 1809 528 μέντοι

71 563 91 595 5
116 551 453 619 μιαρώτερον
509 551 569 603 τὸ
624 551 842 619 σφαγὴν
893 548 1139 618 ἀδελφοῦ
1188 548 1495 617 δράσαντας
1542 548 1808 617 ὀφθῆναι,

116 641 157 709 ᾠ
206 640 382 707 πατήρ
429 635 475 690 τ’
522 637 903 710 ἀναιρουμένω
953 638 1327 689 συναδικεῖται
1376 635 1465 688 καὶ
1514 639 1689 705 μήτηρ
1730 638 1809 699 εἰς

114 724 321 788 πένθος
367 723 457 777 καὶ
503 727 699 787 παιδὸς
739 724 1246 794 ἀποστέρησιν,οὐ
1286 723 1398 777 κατ’
1449 724 1808 793 ἀνθρώπινον

115 813 417 882 γενομένην
443 817 638 882 νόμον,
672 822 1126 881 συγκατασπᾶται.
1205 814 1344 880 <23>
1370 814 1581 866 τούτων
1616 812 1664 865 δ’
1705 809 1808 866 οὖν

115 902 296 954 αὐτῶν
336 904 472 955 αἰδῶ
514 905 801 971 λαβόντας,
841 901 931 954 καὶ
970 910 1043 973 τῷ
1087 906 1330 972 λογισμῷ
1371 905 1428 953 τί
1462 900 1552 953 καὶ
1591 904 1808 954 πείσον-

49 993 96 1036 15
113 1010 201 1043 ται
248 994 582 1060 τεθνηκότος
638 991 825 1053 αὐτοῖς
878 992 1074 1052 παιδὸς
1124 989 1343 1057 ἀγαθοῦ
1395 988 1486 1041 καὶ
1532 990 1808 1042 νεωτάτου

113 1078 558 1149 παραθεμένους,
599 1078 940 1149 ἀποσχέσθαι
979 1087 1078 1132 τοῦ
1116 1081 1459 1146 τολμήματος
1496 1078 1809 1148 παρεκάλει,

114 1165 205 1219 καὶ
250 1169 347 1220 τὸν
396 1169 534 1220 θεὸν
583 1169 902 1234 δείσαντας,
951 1167 1010 1229 ὃς
1055 1168 1257 1235 θεατὴς
1303 1167 1413 1234 ἄμα
1461 1164 1552 1218 καὶ
1603 1167 1810 1236 μάρτυς

114 1257 220 1323 ἤδη
261 1254 352 1307 καὶ
385 1263 478 1323 τῆς
509 1259 712 1324 βουλῆς
753 1256 934 1308 αὐτῶν
973 1262 1068 1323 τῆς
1109 1254 1195 1307 ε’πὶ
1236 1257 1331 1307 τὸν
1372 1254 1618 1323 ἀδελφὸν
1658 1275 1809 1322 γεγε-

115 1341 349 1412 νημένος
389 1343 729 1406 ἀποστάντας
768 1341 868 1412 μὲν
908 1351 1001 1411 τῆς
1040 1343 1285 1412 πράξεως
1326 1343 1611 1411 ἀγαπήσει,
1652 1363 1809 1411 μετα-

50 1436 242 1504 15νοιά
296 1431 386 1485 καὶ
439 1440 512 1504 τςό
571 1442 882 1502 σωφρονεῖν
930 1431 1203 1497 εἴξαντας,
1250 1432 1392 1499 <24>
1433 1434 1811 1501 προελθόντας

117 1518 166 1573 δ’
216 1519 302 1573 ἐπὶ
351 1517 592 1590 τοῦργον
644 1521 744 1574 οὐκ
795 1523 944 1573 ἔστιν
992 1521 1061 1588 ἣν
1118 1521 1217 1573 οὐκ
1268 1519 1610 1590 εἰσπράξεται
1651 1519 1809 1572 ἀδελ-

115 1612 411 1677 φοκτονιάς
437 1611 616 1677 δίκην,
649 1609 947 1677 μιάναντας
972 1609 1143 1662 αὐτοῦ
1168 1610 1269 1677 τὴν
1292 1616 1573 1677 πανταχοῦ
1605 1616 1810 1713 παροῦ-

117 1712 220 1750 σαν
267 1701 537 1767 πρόνοιαν
584 1696 674 1749 καὶ
714 1700 845 1766 μήτε
885 1707 996 1750 τῶν
1038 1694 1119 1749 ἐπ’
1175 1696 1372 1767 ἐρημία
1418 1695 1810 1765 πραττομένων

115 1785 456 1854 υστεροῦσαν
504 1789 633 1854 μήτε
682 1806 792 1838 των
838 1787 973 1838 κατὰ
1019 1805 1114 1847 τας
1159 1788 1366 1846 πόλεις·
1408 1785 1547 1837 ὅπου
1597 1786 1700 1854 γὰρ
1742 1783 1810 1836 ἂν

50 1889 94 1920 20
117 1874 414 1944 άνθρωπος
468 1868 536 1944 ἦ,
589 1876 691 1945 χρὴ
749 1876 935 1927 δοκεῖν
984 1873 1229 1926 ἐνταῦθα
1275 1882 1529 1942 παρεῖναι
1577 1871 1668 1925 καὶ
1713 1874 1810 1925 τὸν

115 1965 269 2015 θεόν.
357 1963 501 2030 <25>
556 1966 618 2016 τό
672 1982 729 2015 τε
786 1964 1041 2025 συνειδὸς
1096 1962 1297 2024 αὐτοὺς
1350 1963 1410 2014 τὸ
1468 1962 1614 2014 ἴδιον
1669 1959 1811 2024 εξειν

118 2050 323 2120 ἐχθρὸν
363 2049 451 2104 ἐπὶ
491 2060 605 2114 τοῖς
636 2055 996 2120 τολμηθεῖσιν
1038 2054 1242 2119 ἔλεγεν,
1284 2050 1312 2102 ὃ
1354 2052 1485 2117 μήτε
1526 2057 1640 2111 τοῖς
1680 2048 1811 2116 ἀγα-

115 2140 226 2191 θὸν
266 2139 399 2192 αὐτὸ
439 2141 652 2209 ἔχουσι,
701 2143 832 2208 μήτε
871 2148 1125 2192 τοιοῦτον
1167 2139 1359 2192 ὁποῖον
1400 2138 1585 2199 αὐτοῖς
1626 2151 1811 2190 συνοι-

116 2216 270 2295 κήσει
308 2228 405 2279 τὸν
445 2226 688 2297 ἀδελφὸν
720 2227 1035 2295 ἀνελοῦσιν,
1076 2229 1224 2279 ἔστιν
1265 2226 1588 2295 ἀποδρᾶναι.
1668 2226 1810 2292 (26)

16 2365 27 2370 ,
51 2329 94 2362 25
118 2318 435 2384 προσετίθει
475 2313 536 2368 δὲ
575 2315 666 2368 καὶ
705 2325 875 2370 ταῦτα
913 2325 1028 2379 τοῖς
1065 2313 1502 2385 προειρημένοις,
1543 2314 1614 2375 ὡς
1654 2312 1811 2365 ἀδελ-

118 2405 229 2472 φὸν
269 2401 390 2457 οὐδ’
438 2403 775 2473 ἀδικήσαντα
813 2408 1048 2458 κτείνειν
1094 2405 1269 2471 ὅσιον,
1309 2405 1479 2456 καλὸν
1520 2399 1580 2454 δὲ
1620 2399 1711 2453 καὶ
1750 2404 1810 2454 τὸ

119 2493 192 2560 μὴ
233 2502 590 2560 μνησικακεῖν
629 2502 743 2555 τοῖς
774 2493 917 2546 οὕτω
957 2497 1141 2563 φίλοις
1179 2490 1317 2561 ὑπὲρ
1359 2487 1437 2543 ὧν
1478 2489 1810 2559 ἁμαρτάνειν

120 2577 341 2642 ἔδοξαν·
377 2576 643 2647 Ἰώσηπον
683 2576 733 2631 δ’
780 2576 911 2633 οὐδὲ
949 2581 1196 2648 πονηρὸν
1235 2581 1312 2640 εἰς
1351 2578 1551 2640 αὐτοὺς
1590 2597 1811 2646 γεγενη-

120 2665 288 2734 μένον
344 2669 784 2735 διαφθεροῦσιν,
838 2662 880 2739 ᾧ
930 2666 1020 2721 καὶ
1066 2670 1126 2720 τὸ
1181 2674 1274 2734 τῆς
1320 2666 1532 2734 ἡλικίας
1578 2663 1813 2728 ἀσθενὲς

54 2769 97 2802 30
121 2755 276 2807 ἔλεον
308 2758 518 2822 μᾶλλον
542 2753 632 2807 καὶ
662 2756 763 2823 τὴν
786 2752 912 2824 παρ’
951 2755 1106 2823 ἡμῶν
1133 2753 1430 2823 ἐρανίζεται
1461 2755 1810 2822 κηδεμονίαν.

242 2860 264 2907 ξ
295 2860 350 2898 22
378 2877 433 2891 =
459 2854 570 2898 Gen.
603 2855 818 2899 XXXVII
850 2860 919 2900 21.
