<?xml version="1.0" encoding="UTF-8"?>
<!DOCTYPE html PUBLIC "-//W3C//DTD XHTML 1.0 Transitional//EN"
    "http://www.w3.org/TR/xhtml1/DTD/xhtml1-transitional.dtd">
<html xmlns="http://www.w3.org/1999/xhtml" xml:lang="en" lang="en">
 <head>
  <title>
</title>
<meta http-equiv="Content-Type" content="text/html;charset=utf-8" />
  <meta name='ocr-system' content='tesseract 3.04.00' />
  <meta name='ocr-capabilities' content='ocr_page ocr_carea ocr_par ocr_line ocrx_word'/>
</head>
<body>
  <div class='ocr_page' id='page_1' title='image "./flaviiiosephiope01joseuoft_0365.png"; bbox 0 0 2052 3141; ppageno 0'>
   <div class='ocr_carea' id='block_1_1' title="bbox 806 24 1778 77">
    <p class='ocr_par' dir='ltr' id='par_1_1' title="bbox 806 24 1778 77">
     <span class='ocr_line' id='line_1_1' title="bbox 806 24 1778 77; baseline 0.009 -9"><span class='ocrx_word' id='word_1_1' title='bbox 806 29 1068 69; x_wconf 75' lang='grc' dir='ltr'><strong>ΠΕΜΠΤΗ</strong></span> <span class='ocrx_word' id='word_1_2' title='bbox 1675 24 1778 77; x_wconf 82' lang='lat'><em>331</em></span> 
     </span>
    </p>
   </div>
   <div class='ocr_carea' id='block_1_2' title="bbox 35 159 1795 2876">
    <p class='ocr_par' dir='ltr' id='par_1_2' title="bbox 35 159 1795 2876">
     <span class='ocr_line' id='line_1_2' title="bbox 96 159 1783 232; baseline -0.004 -15"><span class='ocrx_word' id='word_1_3' title='bbox 96 164 384 232; x_wconf 79' lang='grc' dir='ltr'><em>ἐπεπήγει,</em></span> <span class='ocrx_word' id='word_1_4' title='bbox 434 163 620 224; x_wconf 87' lang='grc' dir='ltr'><em>καθὼς</em></span> <span class='ocrx_word' id='word_1_5' title='bbox 670 159 1094 231; x_wconf 74' lang='grc' dir='ltr'><em>προειρήκαμεν)</em></span> <span class='ocrx_word' id='word_1_6' title='bbox 1145 159 1235 213; x_wconf 88' lang='grc' dir='ltr'><em>καὶ</em></span> <span class='ocrx_word' id='word_1_7' title='bbox 1285 161 1451 213; x_wconf 89' lang='grc' dir='ltr'><em>πάλιν</em></span> <span class='ocrx_word' id='word_1_8' title='bbox 1501 160 1635 212; x_wconf 79' lang='grc' dir='ltr'><em>κατὰ</em></span> <span class='ocrx_word' id='word_1_9' title='bbox 1682 161 1783 227; x_wconf 83' lang='grc' dir='ltr'><em>τὴν</em></span> 
     </span>
     <span class='ocr_line' id='line_1_3' title="bbox 96 247 1783 322; baseline -0.003 -17"><span class='ocrx_word' id='word_1_10' title='bbox 96 253 332 322; x_wconf 83' lang='grc' dir='ltr'><em>εὐωχίαν</em></span> <span class='ocrx_word' id='word_1_11' title='bbox 379 250 643 320; x_wconf 89' lang='grc' dir='ltr'><em>νέμοντος</em></span> <span class='ocrx_word' id='word_1_12' title='bbox 690 253 882 319; x_wconf 87' lang='grc' dir='ltr'><em>μοίρας</em></span> <span class='ocrx_word' id='word_1_13' title='bbox 926 259 1103 318; x_wconf 86' lang='grc' dir='ltr'><em>κρεῶν</em></span> <span class='ocrx_word' id='word_1_14' title='bbox 1155 258 1272 311; x_wconf 89' lang='grc' dir='ltr'><em>ταῖς</em></span> <span class='ocrx_word' id='word_1_15' title='bbox 1318 269 1373 302; x_wconf 93' lang='grc' dir='ltr'><em>τε</em></span> <span class='ocrx_word' id='word_1_16' title='bbox 1425 247 1641 317; x_wconf 82' lang='grc' dir='ltr'><em>γυναιξὶ</em></span> <span class='ocrx_word' id='word_1_17' title='bbox 1693 247 1783 300; x_wconf 82' lang='grc' dir='ltr'><em>καὶ</em></span> 
     </span>
     <span class='ocr_line' id='line_1_4' title="bbox 96 335 1784 407; baseline -0.002 -14"><span class='ocrx_word' id='word_1_18' title='bbox 96 349 210 402; x_wconf 88' lang='grc' dir='ltr'><em>τοῖς</em></span> <span class='ocrx_word' id='word_1_19' title='bbox 248 338 476 407; x_wconf 84' lang='grc' dir='ltr'><em>τέκνοις,</em></span> <span class='ocrx_word' id='word_1_20' title='bbox 515 338 548 406; x_wconf 80' lang='grc' dir='ltr'>ἡ</span> <span class='ocrx_word' id='word_1_21' title='bbox 575 337 750 392; x_wconf 81' lang='grc' dir='ltr'><em>’Ἀννα</em></span> <span class='ocrx_word' id='word_1_22' title='bbox 787 336 1100 406; x_wconf 80' lang='grc' dir='ltr'><em>θεασαμένη</em></span> <span class='ocrx_word' id='word_1_23' title='bbox 1142 340 1271 400; x_wconf 87' lang='grc' dir='ltr'><em>τοὺς</em></span> <span class='ocrx_word' id='word_1_24' title='bbox 1309 345 1402 405; x_wconf 82' lang='grc' dir='ltr'><em>τῆς</em></span> <span class='ocrx_word' id='word_1_25' title='bbox 1442 335 1624 407; x_wconf 79' lang='grc' dir='ltr'><em>ἑτέρας</em></span> <span class='ocrx_word' id='word_1_26' title='bbox 1661 347 1784 389; x_wconf 88' lang='grc' dir='ltr'><em>παῖ-</em></span> 
     </span>
     <span class='ocr_line' id='line_1_5' title="bbox 99 425 1783 498; baseline -0.002 -18"><span class='ocrx_word' id='word_1_27' title='bbox 99 430 197 491; x_wconf 89' lang='grc' dir='ltr'><em>δας</em></span> <span class='ocrx_word' id='word_1_28' title='bbox 227 436 290 498; x_wconf 77' lang='grc' dir='ltr'><em>τῇ</em></span> <span class='ocrx_word' id='word_1_29' title='bbox 324 426 484 496; x_wconf 86' lang='grc' dir='ltr'><em>μητρὶ</em></span> <span class='ocrx_word' id='word_1_30' title='bbox 515 425 1031 497; x_wconf 74' lang='grc' dir='ltr'><em>παρακαθημένους,</em></span> <span class='ocrx_word' id='word_1_31' title='bbox 1070 428 1147 488; x_wconf 84' lang='grc' dir='ltr'><em>εἰς</em></span> <span class='ocrx_word' id='word_1_32' title='bbox 1181 427 1391 494; x_wconf 88' lang='grc' dir='ltr'><em>δάκρυά</em></span> <span class='ocrx_word' id='word_1_33' title='bbox 1423 445 1477 478; x_wconf 91' lang='grc' dir='ltr'><em>τε</em></span> <span class='ocrx_word' id='word_1_34' title='bbox 1510 426 1783 494; x_wconf 81' lang='grc' dir='ltr'><em>προύπεσε</em></span> 
     </span>
     <span class='ocr_line' id='line_1_6' title="bbox 54 513 1783 584; baseline 0 -19"><span class='ocrx_word' id='word_1_35' title='bbox 54 534 74 565; x_wconf 86' lang='lat'>5</span> <span class='ocrx_word' id='word_1_36' title='bbox 97 514 187 568; x_wconf 85' lang='grc' dir='ltr'><em>καὶ</em></span> <span class='ocrx_word' id='word_1_37' title='bbox 226 524 321 584; x_wconf 80' lang='grc' dir='ltr'><em>τῆς</em></span> <span class='ocrx_word' id='word_1_38' title='bbox 360 515 615 578; x_wconf 78' lang='grc' dir='ltr'><em>ἀπαιδίας</em></span> <span class='ocrx_word' id='word_1_39' title='bbox 655 515 828 583; x_wconf 82' lang='grc' dir='ltr'><em>αὑτὴν</em></span> <span class='ocrx_word' id='word_1_40' title='bbox 862 514 1178 583; x_wconf 76' lang='grc' dir='ltr'><em>ὠλοφύρετο</em></span> <span class='ocrx_word' id='word_1_41' title='bbox 1218 513 1309 566; x_wconf 85' lang='grc' dir='ltr'><em>καὶ</em></span> <span class='ocrx_word' id='word_1_42' title='bbox 1347 522 1440 582; x_wconf 82' lang='grc' dir='ltr'><em>τῆς</em></span> <span class='ocrx_word' id='word_1_43' title='bbox 1479 515 1783 582; x_wconf 80' lang='grc' dir='ltr'><em>μονώσεως.</em></span> 
     </span>
     <span class='ocr_line' id='line_1_7' title="bbox 97 603 1784 673; baseline -0.002 -16"><span class='ocrx_word' id='word_1_44' title='bbox 97 605 280 672; x_wconf 82' lang='lat'>&lt;344&gt;</span> <span class='ocrx_word' id='word_1_45' title='bbox 304 603 393 656; x_wconf 86' lang='grc' dir='ltr'><em>καὶ</em></span> <span class='ocrx_word' id='word_1_46' title='bbox 418 612 511 672; x_wconf 82' lang='grc' dir='ltr'><em>τῆς</em></span> <span class='ocrx_word' id='word_1_47' title='bbox 535 603 769 673; x_wconf 89' lang='grc' dir='ltr'><em>τάνδρὸς</em></span> <span class='ocrx_word' id='word_1_48' title='bbox 800 605 1155 673; x_wconf 82' lang='grc' dir='ltr'><em>παραμυθίας</em></span> <span class='ocrx_word' id='word_1_49' title='bbox 1178 610 1241 672; x_wconf 77' lang='grc' dir='ltr'><em>τῇ</em></span> <span class='ocrx_word' id='word_1_50' title='bbox 1276 603 1418 671; x_wconf 84' lang='grc' dir='ltr'><em>λύπῃ</em></span> <span class='ocrx_word' id='word_1_51' title='bbox 1452 605 1784 671; x_wconf 80' lang='grc' dir='ltr'><em>κρατήσασα,</em></span> 
     </span>
     <span class='ocr_line' id='line_1_8' title="bbox 97 690 1785 763; baseline -0.001 -19"><span class='ocrx_word' id='word_1_52' title='bbox 97 694 176 754; x_wconf 81' lang='grc' dir='ltr'><em>εἰς</em></span> <span class='ocrx_word' id='word_1_53' title='bbox 230 694 331 761; x_wconf 83' lang='grc' dir='ltr'><em>τὴν</em></span> <span class='ocrx_word' id='word_1_54' title='bbox 387 693 598 761; x_wconf 83' lang='grc' dir='ltr'><em>σκηνὴν</em></span> <span class='ocrx_word' id='word_1_55' title='bbox 654 690 822 763; x_wconf 69' lang='grc' dir='ltr'><em>ᾤχετο</em></span> <span class='ocrx_word' id='word_1_56' title='bbox 877 693 974 744; x_wconf 85' lang='grc' dir='ltr'><em>τὸν</em></span> <span class='ocrx_word' id='word_1_57' title='bbox 1024 693 1161 744; x_wconf 86' lang='grc' dir='ltr'><em>θεὸν</em></span> <span class='ocrx_word' id='word_1_58' title='bbox 1218 692 1536 743; x_wconf 76' lang='grc' dir='ltr'><em>ἱκετεύουσα</em></span> <span class='ocrx_word' id='word_1_59' title='bbox 1589 692 1785 743; x_wconf 86' lang='grc' dir='ltr'><em>δοῦναι</em></span> 
     </span>
     <span class='ocr_line' id='line_1_9' title="bbox 97 776 1784 849; baseline -0.001 -16"><span class='ocrx_word' id='word_1_60' title='bbox 97 782 271 848; x_wconf 87' lang='grc' dir='ltr'><em>γονὴν</em></span> <span class='ocrx_word' id='word_1_61' title='bbox 328 781 462 849; x_wconf 74' lang='grc' dir='ltr'><em>αὐτῇ</em></span> <span class='ocrx_word' id='word_1_62' title='bbox 517 778 609 832; x_wconf 83' lang='grc' dir='ltr'><em>καὶ</em></span> <span class='ocrx_word' id='word_1_63' title='bbox 663 787 887 848; x_wconf 82' lang='grc' dir='ltr'><em>ποιῆσαι</em></span> <span class='ocrx_word' id='word_1_64' title='bbox 942 778 1175 849; x_wconf 88' lang='grc' dir='ltr'><em>μητέρα,</em></span> <span class='ocrx_word' id='word_1_65' title='bbox 1232 776 1667 847; x_wconf 71' lang='grc' dir='ltr'><em>ἐπαγγελλομένη</em></span> <span class='ocrx_word' id='word_1_66' title='bbox 1724 780 1784 831; x_wconf 91' lang='grc' dir='ltr'><em>τὸ</em></span> 
     </span>
     <span class='ocr_line' id='line_1_10' title="bbox 97 866 1786 938; baseline -0.001 -17"><span class='ocrx_word' id='word_1_67' title='bbox 97 878 316 938; x_wconf 80' lang='grc' dir='ltr'><em>πρῶτον</em></span> <span class='ocrx_word' id='word_1_68' title='bbox 367 869 500 937; x_wconf 76' lang='grc' dir='ltr'><em>αὐτῇ</em></span> <span class='ocrx_word' id='word_1_69' title='bbox 529 868 925 936; x_wconf 72' lang='grc' dir='ltr'><em>’γενησόμενον</em></span> <span class='ocrx_word' id='word_1_70' title='bbox 975 869 1339 937; x_wconf 85' lang='grc' dir='ltr'><em>καθιερώσειν</em></span> <span class='ocrx_word' id='word_1_71' title='bbox 1396 866 1481 920; x_wconf 86' lang='grc' dir='ltr'><em>ἐπὶ</em></span> <span class='ocrx_word' id='word_1_72' title='bbox 1534 869 1786 937; x_wconf 75' lang='grc' dir='ltr'><em>διακονίᾳ</em></span> 
     </span>
     <span class='ocr_line' id='line_1_11' title="bbox 35 956 1786 1023; baseline 0.002 -18"><span class='ocrx_word' id='word_1_73' title='bbox 35 974 77 1005; x_wconf 85' lang='lat'><em>10</em></span> <span class='ocrx_word' id='word_1_74' title='bbox 99 965 197 1010; x_wconf 89' lang='grc' dir='ltr'><em>τοῦ</em></span> <span class='ocrx_word' id='word_1_75' title='bbox 235 961 395 1022; x_wconf 82' lang='grc' dir='ltr'><em>θεοῦ,</em></span> <span class='ocrx_word' id='word_1_76' title='bbox 437 957 652 1007; x_wconf 88' lang='grc' dir='ltr'><em>δίαιταν</em></span> <span class='ocrx_word' id='word_1_77' title='bbox 694 956 793 1023; x_wconf 88' lang='grc' dir='ltr'><em>οὐχ</em></span> <span class='ocrx_word' id='word_1_78' title='bbox 833 956 1028 1022; x_wconf 87' lang='grc' dir='ltr'><em>ὁμοίαν</em></span> <span class='ocrx_word' id='word_1_79' title='bbox 1063 965 1176 1017; x_wconf 90' lang='grc' dir='ltr'><em>τοῖς</em></span> <span class='ocrx_word' id='word_1_80' title='bbox 1217 957 1456 1017; x_wconf 73' lang='grc' dir='ltr'><em>ἰδιώταις</em></span> <span class='ocrx_word' id='word_1_81' title='bbox 1495 958 1786 1023; x_wconf 88' lang='grc' dir='ltr'><em>ποιησόμε-</em></span> 
     </span>
     <span class='ocr_line' id='line_1_12' title="bbox 98 1040 1785 1114; baseline -0.002 -16"><span class='ocrx_word' id='word_1_82' title='bbox 98 1065 215 1098; x_wconf 90' lang='grc' dir='ltr'><em>νον.</em></span> <span class='ocrx_word' id='word_1_83' title='bbox 292 1043 474 1111; x_wconf 76' lang='grc'>&lt;345&gt;</span> <span class='ocrx_word' id='word_1_84' title='bbox 524 1044 914 1113; x_wconf 82' lang='grc' dir='ltr'><em>διατριβούσης</em></span> <span class='ocrx_word' id='word_1_85' title='bbox 961 1040 1012 1095; x_wconf 87' lang='grc' dir='ltr'><em>δ’</em></span> <span class='ocrx_word' id='word_1_86' title='bbox 1073 1042 1159 1095; x_wconf 85' lang='grc' dir='ltr'><em>ἐπὶ</em></span> <span class='ocrx_word' id='word_1_87' title='bbox 1210 1053 1326 1106; x_wconf 90' lang='grc' dir='ltr'><em>ταῖς</em></span> <span class='ocrx_word' id='word_1_88' title='bbox 1376 1044 1558 1114; x_wconf 84' lang='grc' dir='ltr'><em>εὐχαῖς</em></span> <span class='ocrx_word' id='word_1_89' title='bbox 1608 1046 1785 1096; x_wconf 86' lang='grc' dir='ltr'><em>πολὺν</em></span> 
     </span>
     <span class='ocr_line' id='line_1_13' title="bbox 99 1129 1787 1202; baseline -0.001 -17"><span class='ocrx_word' id='word_1_90' title='bbox 99 1135 323 1202; x_wconf 91' lang='grc' dir='ltr'><em>χρόνον,</em></span> <span class='ocrx_word' id='word_1_91' title='bbox 357 1129 509 1184; x_wconf 84' lang='grc' dir='ltr'><em>Ἠλεὶ</em></span> <span class='ocrx_word' id='word_1_92' title='bbox 542 1131 570 1185; x_wconf 88' lang='grc' dir='ltr'>ὁ</span> <span class='ocrx_word' id='word_1_93' title='bbox 605 1131 887 1200; x_wconf 87' lang='grc' dir='ltr'><em>ἀρχιερεύς</em></span> <span class='ocrx_word' id='word_1_94' title='bbox 919 1129 1226 1200; x_wconf 73' lang='grc' dir='ltr'><em>(ἐκαθέζετο</em></span> <span class='ocrx_word' id='word_1_95' title='bbox 1262 1133 1364 1201; x_wconf 80' lang='grc' dir='ltr'><em>γὰρ</em></span> <span class='ocrx_word' id='word_1_96' title='bbox 1397 1134 1502 1201; x_wconf 90' lang='grc' dir='ltr'><em>πρὸ</em></span> <span class='ocrx_word' id='word_1_97' title='bbox 1535 1139 1628 1199; x_wconf 80' lang='grc' dir='ltr'><em>τῆς</em></span> <span class='ocrx_word' id='word_1_98' title='bbox 1661 1146 1787 1200; x_wconf 91' lang='grc' dir='ltr'><em>σκη-</em></span> 
     </span>
     <span class='ocr_line' id='line_1_14' title="bbox 99 1217 1787 1290; baseline -0.001 -17"><span class='ocrx_word' id='word_1_99' title='bbox 99 1221 219 1290; x_wconf 81' lang='grc' dir='ltr'><em>νῆς)</em></span> <span class='ocrx_word' id='word_1_100' title='bbox 261 1221 333 1282; x_wconf 84' lang='grc' dir='ltr'><em>ὡς</em></span> <span class='ocrx_word' id='word_1_101' title='bbox 370 1228 749 1289; x_wconf 88' lang='grc' dir='ltr'><em>παροινοῦσαν</em></span> <span class='ocrx_word' id='word_1_102' title='bbox 783 1219 1066 1272; x_wconf 89' lang='grc' dir='ltr'><em>ἐκέλευσεν</em></span> <span class='ocrx_word' id='word_1_103' title='bbox 1100 1218 1332 1272; x_wconf 87' lang='grc' dir='ltr'><em>ἀπιέναι.</em></span> <span class='ocrx_word' id='word_1_104' title='bbox 1409 1228 1502 1287; x_wconf 83' lang='grc' dir='ltr'><em>τῆς</em></span> <span class='ocrx_word' id='word_1_105' title='bbox 1543 1217 1603 1272; x_wconf 74' lang='grc' dir='ltr'><em>δὲ</em></span> <span class='ocrx_word' id='word_1_106' title='bbox 1641 1230 1787 1272; x_wconf 80' lang='grc' dir='ltr'><em>πιεῖν</em></span> 
     </span>
     <span class='ocr_line' id='line_1_15' title="bbox 99 1304 1788 1379; baseline -0.001 -18"><span class='ocrx_word' id='word_1_107' title='bbox 99 1308 252 1379; x_wconf 76' lang='grc' dir='ltr'><em>ὕδωρ</em></span> <span class='ocrx_word' id='word_1_108' title='bbox 293 1306 557 1378; x_wconf 83' lang='grc' dir='ltr'><em>φαμένης,</em></span> <span class='ocrx_word' id='word_1_109' title='bbox 598 1306 948 1376; x_wconf 87' lang='grc' dir='ltr'><em>λυπουμένην</em></span> <span class='ocrx_word' id='word_1_110' title='bbox 982 1304 1030 1359; x_wconf 78' lang='grc' dir='ltr'><em>δ’</em></span> <span class='ocrx_word' id='word_1_111' title='bbox 1073 1306 1159 1360; x_wconf 86' lang='grc' dir='ltr'><em>ἐπὶ</em></span> <span class='ocrx_word' id='word_1_112' title='bbox 1199 1310 1411 1361; x_wconf 84' lang='grc' dir='ltr'><em>παίδων</em></span> <span class='ocrx_word' id='word_1_113' title='bbox 1452 1308 1653 1379; x_wconf 74' lang='grc' dir='ltr'><em>ἀπορία</em></span> <span class='ocrx_word' id='word_1_114' title='bbox 1690 1310 1788 1361; x_wconf 89' lang='grc' dir='ltr'><em>τὸν</em></span> 
     </span>
     <span class='ocr_line' id='line_1_16' title="bbox 36 1396 1786 1466; baseline 0.002 -20"><span class='ocrx_word' id='word_1_115' title='bbox 36 1414 78 1446; x_wconf 83' lang='lat'><em>15</em></span> <span class='ocrx_word' id='word_1_116' title='bbox 100 1400 238 1451; x_wconf 93' lang='grc' dir='ltr'><em>θεὸν</em></span> <span class='ocrx_word' id='word_1_117' title='bbox 281 1398 569 1465; x_wconf 82' lang='grc' dir='ltr'><em>ἱκετεύειν,</em></span> <span class='ocrx_word' id='word_1_118' title='bbox 615 1402 849 1466; x_wconf 78' lang='grc' dir='ltr'><em>θαρρεῖν</em></span> <span class='ocrx_word' id='word_1_119' title='bbox 896 1398 1311 1465; x_wconf 86' lang='grc' dir='ltr'><em>παρεκελεύετο,</em></span> <span class='ocrx_word' id='word_1_120' title='bbox 1359 1396 1611 1466; x_wconf 79' lang='grc' dir='ltr'><em>παρέξειν</em></span> <span class='ocrx_word' id='word_1_121' title='bbox 1652 1397 1786 1466; x_wconf 73' lang='grc' dir='ltr'><em>αὐτῇ</em></span> 
     </span>
     <span class='ocr_line' id='line_1_17' title="bbox 100 1483 1787 1555; baseline 0 -17"><span class='ocrx_word' id='word_1_122' title='bbox 100 1487 271 1538; x_wconf 90' lang='grc' dir='ltr'><em>παῖδα</em></span> <span class='ocrx_word' id='word_1_123' title='bbox 321 1487 417 1538; x_wconf 90' lang='grc' dir='ltr'><em>τὸν</em></span> <span class='ocrx_word' id='word_1_124' title='bbox 467 1487 605 1538; x_wconf 89' lang='grc' dir='ltr'><em>θεὸν</em></span> <span class='ocrx_word' id='word_1_125' title='bbox 659 1483 1057 1552; x_wconf 86' lang='grc' dir='ltr'><em>καταγγέλλων.</em></span> <span class='ocrx_word' id='word_1_126' title='bbox 1146 1485 1327 1553; x_wconf 79' lang='lat'>&lt;346&gt;</span> <span class='ocrx_word' id='word_1_127' title='bbox 1373 1485 1787 1555; x_wconf 88' lang='grc' dir='ltr'><em>παραγενομένη</em></span> 
     </span>
     <span class='ocr_line' id='line_1_18' title="bbox 103 1571 1790 1643; baseline 0 -17"><span class='ocrx_word' id='word_1_128' title='bbox 103 1571 153 1626; x_wconf 80' lang='grc' dir='ltr'><em>δ’</em></span> <span class='ocrx_word' id='word_1_129' title='bbox 200 1575 415 1635; x_wconf 79' lang='grc' dir='ltr'><em>εὔελπις</em></span> <span class='ocrx_word' id='word_1_130' title='bbox 463 1575 599 1642; x_wconf 90' lang='grc' dir='ltr'><em>πρὸς</em></span> <span class='ocrx_word' id='word_1_131' title='bbox 650 1576 747 1627; x_wconf 91' lang='grc' dir='ltr'><em>τὸν</em></span> <span class='ocrx_word' id='word_1_132' title='bbox 795 1574 1004 1642; x_wconf 79' lang='grc' dir='ltr'><em>ἄνδρα,</em></span> <span class='ocrx_word' id='word_1_133' title='bbox 1058 1575 1271 1643; x_wconf 87' lang='grc' dir='ltr'><em>τροφὴν</em></span> <span class='ocrx_word' id='word_1_134' title='bbox 1318 1578 1584 1643; x_wconf 85' lang='grc' dir='ltr'><em>χαίρουσα</em></span> <span class='ocrx_word' id='word_1_135' title='bbox 1622 1588 1790 1643; x_wconf 91' lang='grc' dir='ltr'><em>προσ-</em></span> 
     </span>
     <span class='ocr_line' id='line_1_19' title="bbox 101 1660 1791 1730; baseline 0 -16"><span class='ocrx_word' id='word_1_136' title='bbox 101 1661 395 1730; x_wconf 88' lang='grc' dir='ltr'><em>ηνέγκατο,</em></span> <span class='ocrx_word' id='word_1_137' title='bbox 442 1660 531 1714; x_wconf 86' lang='grc' dir='ltr'><em>καὶ</em></span> <span class='ocrx_word' id='word_1_138' title='bbox 580 1661 1042 1730; x_wconf 76' lang='grc' dir='ltr'><em>ἀναστρεψάντων</em></span> <span class='ocrx_word' id='word_1_139' title='bbox 1093 1664 1170 1723; x_wconf 78' lang='grc' dir='ltr'><em>εἰς</em></span> <span class='ocrx_word' id='word_1_140' title='bbox 1216 1663 1316 1730; x_wconf 83' lang='grc' dir='ltr'><em>τὴν</em></span> <span class='ocrx_word' id='word_1_141' title='bbox 1362 1664 1598 1729; x_wconf 89' lang='grc' dir='ltr'><em>πατρίδα</em></span> <span class='ocrx_word' id='word_1_142' title='bbox 1636 1663 1791 1715; x_wconf 90' lang='grc' dir='ltr'><em>κύειν</em></span> 
     </span>
     <span class='ocr_line' id='line_1_20' title="bbox 101 1749 1790 1820; baseline 0.001 -18"><span class='ocrx_word' id='word_1_143' title='bbox 101 1749 318 1820; x_wconf 76' lang='grc' dir='ltr'><em>ἤρξατο.</em></span> <span class='ocrx_word' id='word_1_144' title='bbox 395 1749 486 1802; x_wconf 84' lang='grc' dir='ltr'><em>καὶ</em></span> <span class='ocrx_word' id='word_1_145' title='bbox 536 1753 745 1818; x_wconf 88' lang='grc' dir='ltr'><em>γίνεται</em></span> <span class='ocrx_word' id='word_1_146' title='bbox 792 1751 1015 1802; x_wconf 90' lang='grc' dir='ltr'><em>παιδίον</em></span> <span class='ocrx_word' id='word_1_147' title='bbox 1066 1749 1286 1818; x_wconf 85' lang='grc' dir='ltr'><em>αὐτοῖς,</em></span> <span class='ocrx_word' id='word_1_148' title='bbox 1342 1750 1406 1803; x_wconf 88' lang='grc' dir='ltr'><em>ὃν</em></span> <span class='ocrx_word' id='word_1_149' title='bbox 1453 1752 1790 1819; x_wconf 85' lang='grc' dir='ltr'><em>Σαμούηλον</em></span> 
     </span>
     <span class='ocr_line' id='line_1_21' title="bbox 37 1837 1791 1908; baseline 0.003 -21"><span class='ocrx_word' id='word_1_150' title='bbox 37 1856 80 1888; x_wconf 82' lang='lat'><em>20</em></span> <span class='ocrx_word' id='word_1_151' title='bbox 103 1840 601 1908; x_wconf 90' lang='grc' dir='ltr'><em>προσαγορεύουσι·</em></span> <span class='ocrx_word' id='word_1_152' title='bbox 642 1841 936 1906; x_wconf 89' lang='grc' dir='ltr'><em>θεαίτητον</em></span> <span class='ocrx_word' id='word_1_153' title='bbox 968 1839 1035 1890; x_wconf 76' lang='grc' dir='ltr'><em>ἄν</em></span> <span class='ocrx_word' id='word_1_154' title='bbox 1069 1858 1147 1900; x_wconf 88' lang='grc' dir='ltr'><em>τις</em></span> <span class='ocrx_word' id='word_1_155' title='bbox 1181 1844 1339 1891; x_wconf 79' lang='grc' dir='ltr'><em>εἴποι.</em></span> <span class='ocrx_word' id='word_1_156' title='bbox 1402 1847 1654 1907; x_wconf 81' lang='grc' dir='ltr'><em>παρῆσαν</em></span> <span class='ocrx_word' id='word_1_157' title='bbox 1689 1837 1791 1892; x_wconf 78' lang='grc' dir='ltr'><em>οὖν</em></span> 
     </span>
     <span class='ocr_line' id='line_1_22' title="bbox 102 1925 1784 1997; baseline 0.001 -18"><span class='ocrx_word' id='word_1_158' title='bbox 102 1925 240 1997; x_wconf 78' lang='grc' dir='ltr'><em>ὑπὲρ</em></span> <span class='ocrx_word' id='word_1_159' title='bbox 290 1936 384 1996; x_wconf 82' lang='grc' dir='ltr'><em>τῆς</em></span> <span class='ocrx_word' id='word_1_160' title='bbox 429 1937 527 1982; x_wconf 89' lang='grc' dir='ltr'><em>τοῦ</em></span> <span class='ocrx_word' id='word_1_161' title='bbox 574 1929 769 1990; x_wconf 87' lang='grc' dir='ltr'><em>παιδὸς</em></span> <span class='ocrx_word' id='word_1_162' title='bbox 808 1925 1072 1994; x_wconf 88' lang='grc' dir='ltr'><em>γενέσεως</em></span> <span class='ocrx_word' id='word_1_163' title='bbox 1118 1928 1419 1995; x_wconf 89' lang='grc' dir='ltr'><em>θύσοντες,</em></span> <span class='ocrx_word' id='word_1_164' title='bbox 1476 1928 1701 1991; x_wconf 77' lang='grc' dir='ltr'><em>δεκάτας</em></span> <span class='ocrx_word' id='word_1_165' title='bbox 1739 1926 1784 1981; x_wconf 87' lang='grc' dir='ltr'><em>τ’</em></span> 
     </span>
     <span class='ocr_line' id='line_1_23' title="bbox 104 2014 1794 2086; baseline 0.001 -19"><span class='ocrx_word' id='word_1_166' title='bbox 104 2017 319 2086; x_wconf 82' lang='grc' dir='ltr'><em>ἔφερον.</em></span> <span class='ocrx_word' id='word_1_167' title='bbox 403 2018 586 2086; x_wconf 75' lang='grc'>&lt;347&gt;</span> <span class='ocrx_word' id='word_1_168' title='bbox 636 2016 1057 2085; x_wconf 76' lang='grc' dir='ltr'><em>ἀναμνησθεῖσα</em></span> <span class='ocrx_word' id='word_1_169' title='bbox 1113 2014 1164 2068; x_wconf 81' lang='grc' dir='ltr'><em>δ’</em></span> <span class='ocrx_word' id='word_1_170' title='bbox 1219 2016 1251 2082; x_wconf 78' lang='grc' dir='ltr'>ἡ</span> <span class='ocrx_word' id='word_1_171' title='bbox 1301 2017 1440 2083; x_wconf 87' lang='grc' dir='ltr'><em>γυνὴ</em></span> <span class='ocrx_word' id='word_1_172' title='bbox 1493 2023 1586 2084; x_wconf 81' lang='grc' dir='ltr'><em>τῆς</em></span> <span class='ocrx_word' id='word_1_173' title='bbox 1633 2017 1794 2086; x_wconf 77' lang='grc' dir='ltr'><em>εὐχῆς</em></span> 
     </span>
     <span class='ocr_line' id='line_1_24' title="bbox 104 2102 1794 2176; baseline 0.001 -20"><span class='ocrx_word' id='word_1_174' title='bbox 104 2111 198 2171; x_wconf 82' lang='grc' dir='ltr'><em>τῆς</em></span> <span class='ocrx_word' id='word_1_175' title='bbox 254 2103 341 2157; x_wconf 86' lang='grc' dir='ltr'><em>ἐπὶ</em></span> <span class='ocrx_word' id='word_1_176' title='bbox 394 2113 467 2176; x_wconf 76' lang='grc' dir='ltr'><em>τῷ</em></span> <span class='ocrx_word' id='word_1_177' title='bbox 524 2103 680 2158; x_wconf 85' lang='grc' dir='ltr'><em>παιδὶ</em></span> <span class='ocrx_word' id='word_1_178' title='bbox 735 2103 1099 2173; x_wconf 88' lang='grc' dir='ltr'><em>γεγενημένης</em></span> <span class='ocrx_word' id='word_1_179' title='bbox 1150 2106 1452 2174; x_wconf 89' lang='grc' dir='ltr'><em>παρεδίδου</em></span> <span class='ocrx_word' id='word_1_180' title='bbox 1504 2112 1577 2174; x_wconf 77' lang='grc' dir='ltr'><em>τῷ</em></span> <span class='ocrx_word' id='word_1_181' title='bbox 1623 2102 1794 2173; x_wconf 89' lang='grc' dir='ltr'><em>Ἠλεί,</em></span> 
     </span>
     <span class='ocr_line' id='line_1_25' title="bbox 106 2191 1785 2264; baseline 0.002 -21"><span class='ocrx_word' id='word_1_182' title='bbox 106 2191 430 2246; x_wconf 86' lang='grc' dir='ltr'><em>ἀνατιθεῖσα</em></span> <span class='ocrx_word' id='word_1_183' title='bbox 468 2201 542 2264; x_wconf 80' lang='grc' dir='ltr'><em>τςό</em></span> <span class='ocrx_word' id='word_1_184' title='bbox 591 2199 706 2264; x_wconf 76' lang='grc' dir='ltr'><em>θεῷ</em></span> <span class='ocrx_word' id='word_1_185' title='bbox 757 2196 1045 2261; x_wconf 80' lang='grc' dir='ltr'><em>προφήτην</em></span> <span class='ocrx_word' id='word_1_186' title='bbox 1096 2196 1483 2261; x_wconf 88' lang='grc' dir='ltr'><em>γενησόμενον.</em></span> <span class='ocrx_word' id='word_1_187' title='bbox 1561 2196 1699 2262; x_wconf 89' lang='grc' dir='ltr'><em>κόμη</em></span> <span class='ocrx_word' id='word_1_188' title='bbox 1741 2192 1785 2246; x_wconf 83' lang='grc' dir='ltr'><em>τ’</em></span> 
     </span>
     <span class='ocr_line' id='line_1_26' title="bbox 40 2276 1794 2351; baseline 0.001 -18"><span class='ocrx_word' id='word_1_189' title='bbox 40 2295 82 2327; x_wconf 82' lang='lat'><em>25</em></span> <span class='ocrx_word' id='word_1_190' title='bbox 108 2276 211 2333; x_wconf 83' lang='grc' dir='ltr'><em>οὗν</em></span> <span class='ocrx_word' id='word_1_191' title='bbox 244 2280 389 2351; x_wconf 76' lang='grc' dir='ltr'><em>αὐτῷ</em></span> <span class='ocrx_word' id='word_1_192' title='bbox 424 2279 626 2347; x_wconf 83' lang='grc' dir='ltr'><em>ἀνεῖτο,</em></span> <span class='ocrx_word' id='word_1_193' title='bbox 664 2278 755 2332; x_wconf 87' lang='grc' dir='ltr'><em>καὶ</em></span> <span class='ocrx_word' id='word_1_194' title='bbox 794 2282 964 2333; x_wconf 90' lang='grc' dir='ltr'><em>ποτὸν</em></span> <span class='ocrx_word' id='word_1_195' title='bbox 995 2280 1147 2349; x_wconf 75' lang='grc' dir='ltr'><em>ὕδωρ</em></span> <span class='ocrx_word' id='word_1_196' title='bbox 1188 2277 1273 2348; x_wconf 77' lang='grc' dir='ltr'><em>ἦν.</em></span> <span class='ocrx_word' id='word_1_197' title='bbox 1351 2280 1440 2333; x_wconf 84' lang='grc' dir='ltr'><em>καὶ</em></span> <span class='ocrx_word' id='word_1_198' title='bbox 1465 2283 1794 2350; x_wconf 82' lang='grc' dir='ltr'><em>Σαμούηλος</em></span> 
     </span>
     <span class='ocr_line' id='line_1_27' title="bbox 107 2365 1794 2440; baseline 0.002 -20"><span class='ocrx_word' id='word_1_199' title='bbox 107 2365 208 2436; x_wconf 74' lang='grc' dir='ltr'><em>μὲν</em></span> <span class='ocrx_word' id='word_1_200' title='bbox 249 2367 308 2420; x_wconf 89' lang='grc' dir='ltr'><em>ἐν</em></span> <span class='ocrx_word' id='word_1_201' title='bbox 348 2376 421 2439; x_wconf 74' lang='grc' dir='ltr'><em>τῷ</em></span> <span class='ocrx_word' id='word_1_202' title='bbox 465 2370 588 2440; x_wconf 74' lang='grc' dir='ltr'><em>ίερςό</em></span> <span class='ocrx_word' id='word_1_203' title='bbox 642 2369 794 2435; x_wconf 85' lang='grc' dir='ltr'><em>διῆγε</em></span> <span class='ocrx_word' id='word_1_204' title='bbox 834 2370 1193 2437; x_wconf 86' lang='grc' dir='ltr'><em>τρεφόμενος,</em></span> <span class='ocrx_word' id='word_1_205' title='bbox 1234 2367 1466 2439; x_wconf 81' lang='grc' dir='ltr'><em>Ἀλκάνῃ</em></span> <span class='ocrx_word' id='word_1_206' title='bbox 1508 2367 1557 2421; x_wconf 79' lang='grc' dir='ltr'><em>δ’</em></span> <span class='ocrx_word' id='word_1_207' title='bbox 1605 2369 1663 2422; x_wconf 89' lang='grc' dir='ltr'><em>ἐκ</em></span> <span class='ocrx_word' id='word_1_208' title='bbox 1701 2378 1794 2438; x_wconf 78' lang='grc' dir='ltr'><em>τῆς</em></span> 
     </span>
     <span class='ocr_line' id='line_1_28' title="bbox 93 2453 1717 2527; baseline 0.002 -20"><span class='ocrx_word' id='word_1_209' title='bbox 93 2453 297 2523; x_wconf 69' lang='grc' dir='ltr'><em>’Ἀννης</em></span> <span class='ocrx_word' id='word_1_210' title='bbox 334 2456 472 2517; x_wconf 74' lang='grc' dir='ltr'><em>υἱεῖς</em></span> <span class='ocrx_word' id='word_1_211' title='bbox 511 2474 565 2507; x_wconf 94' lang='grc' dir='ltr'><em>τε</em></span> <span class='ocrx_word' id='word_1_212' title='bbox 606 2457 762 2509; x_wconf 77' lang='grc' dir='ltr'><em>ἄλλοι</em></span> <span class='ocrx_word' id='word_1_213' title='bbox 802 2459 1051 2523; x_wconf 90' lang='grc' dir='ltr'><em>γίνονται</em></span> <span class='ocrx_word' id='word_1_214' title='bbox 1090 2455 1180 2508; x_wconf 84' lang='grc' dir='ltr'><em>καὶ</em></span> <span class='ocrx_word' id='word_1_215' title='bbox 1220 2465 1366 2525; x_wconf 90' lang='grc' dir='ltr'><em>τρεῖς</em></span> <span class='ocrx_word' id='word_1_216' title='bbox 1403 2456 1717 2527; x_wconf 89' lang='grc' dir='ltr'><em>θυγατέρες.</em></span> 
     </span>
     <span class='ocr_line' id='line_1_29' title="bbox 218 2541 1795 2614; baseline 0.003 -19"><span class='ocrx_word' id='word_1_217' title='bbox 218 2544 398 2610; x_wconf 78' lang='grc'>&lt;348&gt;</span> <span class='ocrx_word' id='word_1_218' title='bbox 440 2545 770 2612; x_wconf 87' lang='grc' dir='ltr'><em>Σαμούηλος</em></span> <span class='ocrx_word' id='word_1_219' title='bbox 809 2541 869 2596; x_wconf 75' lang='grc' dir='ltr'><em>δὲ</em></span> <span class='ocrx_word' id='word_1_220' title='bbox 916 2546 1283 2613; x_wconf 88' lang='grc' dir='ltr'><em>πεπληρωκὼς</em></span> <span class='ocrx_word' id='word_1_221' title='bbox 1323 2547 1440 2608; x_wconf 79' lang='grc' dir='ltr'><em>ἔτος</em></span> <span class='ocrx_word' id='word_1_222' title='bbox 1479 2548 1584 2614; x_wconf 74' lang='grc' dir='ltr'><em>ἤδη</em></span> <span class='ocrx_word' id='word_1_223' title='bbox 1627 2546 1795 2599; x_wconf 88' lang='grc' dir='ltr'><em>δωδέ-</em></span> 
     </span>
     <span class='ocr_line' id='line_1_30' title="bbox 107 2633 1794 2703; baseline 0.003 -20"><span class='ocrx_word' id='word_1_224' title='bbox 107 2651 275 2692; x_wconf 85' lang='grc' dir='ltr'><em>κατον</em></span> <span class='ocrx_word' id='word_1_225' title='bbox 306 2635 666 2702; x_wconf 90' lang='grc' dir='ltr'><em>προυφήτευε.</em></span> <span class='ocrx_word' id='word_1_226' title='bbox 724 2635 820 2684; x_wconf 91' lang='grc' dir='ltr'><em>καί</em></span> <span class='ocrx_word' id='word_1_227' title='bbox 846 2650 974 2685; x_wconf 90' lang='grc' dir='ltr'><em>ποτε</em></span> <span class='ocrx_word' id='word_1_228' title='bbox 1008 2635 1353 2701; x_wconf 91' lang='grc' dir='ltr'><em>κοιμώμενον</em></span> <span class='ocrx_word' id='word_1_229' title='bbox 1386 2633 1647 2703; x_wconf 83' lang='grc' dir='ltr'><em>ὀνομαστὶ</em></span> <span class='ocrx_word' id='word_1_230' title='bbox 1674 2635 1794 2688; x_wconf 87' lang='grc' dir='ltr'><em>ἐκά-</em></span> 
     </span>
     <span class='ocr_line' id='line_1_31' title="bbox 42 2717 1794 2793; baseline 0.002 -21"><span class='ocrx_word' id='word_1_231' title='bbox 42 2734 86 2765; x_wconf 84' lang='lat'><em>30</em></span> <span class='ocrx_word' id='word_1_232' title='bbox 110 2723 268 2773; x_wconf 87' lang='grc' dir='ltr'><em>λεσεν</em></span> <span class='ocrx_word' id='word_1_233' title='bbox 308 2720 336 2773; x_wconf 89' lang='grc' dir='ltr'>ὁ</span> <span class='ocrx_word' id='word_1_234' title='bbox 376 2723 522 2782; x_wconf 88' lang='grc' dir='ltr'><em>θεός.</em></span> <span class='ocrx_word' id='word_1_235' title='bbox 601 2720 629 2773; x_wconf 87' lang='grc' dir='ltr'><strong><em>ὃ</em></strong></span> <span class='ocrx_word' id='word_1_236' title='bbox 671 2717 731 2772; x_wconf 77' lang='grc' dir='ltr'><em>δὲ</em></span> <span class='ocrx_word' id='word_1_237' title='bbox 780 2723 1008 2788; x_wconf 89' lang='grc' dir='ltr'><em>νομίσας</em></span> <span class='ocrx_word' id='word_1_238' title='bbox 1059 2721 1165 2773; x_wconf 86' lang='grc' dir='ltr'><em>ὑπὸ</em></span> <span class='ocrx_word' id='word_1_239' title='bbox 1219 2730 1318 2774; x_wconf 86' lang='grc' dir='ltr'><em>τοῦ</em></span> <span class='ocrx_word' id='word_1_240' title='bbox 1372 2721 1664 2793; x_wconf 88' lang='grc' dir='ltr'><em>ἀρχιερέως</em></span> <span class='ocrx_word' id='word_1_241' title='bbox 1702 2741 1794 2776; x_wconf 85' lang='grc' dir='ltr'><em>πε-</em></span> 
     </span>
     <span class='ocr_line' id='line_1_32' title="bbox 227 2820 802 2876; baseline 0 -12"><span class='ocrx_word' id='word_1_242' title='bbox 227 2825 250 2873; x_wconf 62' lang='lat' dir='ltr'>g</span> <span class='ocrx_word' id='word_1_243' title='bbox 285 2825 369 2864; x_wconf 82' lang='lat'><em>344</em></span> <span class='ocrx_word' id='word_1_244' title='bbox 396 2843 450 2856; x_wconf 87' lang='lat'>=</span> <span class='ocrx_word' id='word_1_245' title='bbox 477 2825 499 2862; x_wconf 92' lang='lat'>1</span> <span class='ocrx_word' id='word_1_246' title='bbox 533 2820 646 2876; x_wconf 82' lang='lat' dir='ltr'>Reg.</span> <span class='ocrx_word' id='word_1_247' title='bbox 680 2821 700 2862; x_wconf 79' lang='lat'>1</span> <span class='ocrx_word' id='word_1_248' title='bbox 736 2826 802 2864; x_wconf 84' lang='lat'><em>11.</em></span> 
     </span>
    </p>
   </div>
  </div>
 </body>
</html>
