<?xml version="1.0" encoding="UTF-8"?>
<!DOCTYPE html PUBLIC "-//W3C//DTD XHTML 1.0 Transitional//EN"
    "http://www.w3.org/TR/xhtml1/DTD/xhtml1-transitional.dtd">
<html xmlns="http://www.w3.org/1999/xhtml" xml:lang="en" lang="en">
 <head>
  <title>
</title>
<meta http-equiv="Content-Type" content="text/html;charset=utf-8" />
  <meta name='ocr-system' content='tesseract 3.04.00' />
  <meta name='ocr-capabilities' content='ocr_page ocr_carea ocr_par ocr_line ocrx_word'/>
</head>
<body>
  <div class='ocr_page' id='page_1' title='image "./flaviiiosephiope01joseuoft_0285.png"; bbox 0 0 2052 3141; ppageno 0'>
   <div class='ocr_carea' id='block_1_1' title="bbox 94 589 114 622">
    <p class='ocr_par' dir='ltr' id='par_1_1' title="bbox 94 589 114 622">
     <span class='ocr_line' id='line_1_1' title="bbox 94 589 114 622; baseline 0 0"><span class='ocrx_word' id='word_1_1' title='bbox 94 589 114 622; x_wconf 86' lang='lat'>5</span> 
     </span>
    </p>
   </div>
   <div class='ocr_carea' id='block_1_2' title="bbox 72 1031 114 1062">
    <p class='ocr_par' dir='ltr' id='par_1_2' title="bbox 72 1031 114 1062">
     <span class='ocr_line' id='line_1_2' title="bbox 72 1031 114 1062; baseline 0 0"><span class='ocrx_word' id='word_1_2' title='bbox 72 1031 114 1062; x_wconf 92' lang='lat'><strong><em>10</em></strong></span> 
     </span>
    </p>
   </div>
   <div class='ocr_carea' id='block_1_3' title="bbox 72 1471 112 1504">
    <p class='ocr_par' dir='ltr' id='par_1_3' title="bbox 72 1471 112 1504">
     <span class='ocr_line' id='line_1_3' title="bbox 72 1471 112 1504; baseline 0 0"><span class='ocrx_word' id='word_1_3' title='bbox 72 1471 112 1504; x_wconf 86' lang='lat'><strong><em>15</em></strong></span> 
     </span>
    </p>
   </div>
   <div class='ocr_carea' id='block_1_4' title="bbox 71 1915 114 1947">
    <p class='ocr_par' dir='ltr' id='par_1_4' title="bbox 71 1915 114 1947">
     <span class='ocr_line' id='line_1_4' title="bbox 71 1915 114 1947; baseline -0.023 0"><span class='ocrx_word' id='word_1_4' title='bbox 71 1915 114 1947; x_wconf 81' lang='lat'><strong><em>20</em></strong></span> 
     </span>
    </p>
   </div>
   <div class='ocr_carea' id='block_1_5' title="bbox 72 2354 115 2387">
    <p class='ocr_par' dir='ltr' id='par_1_5' title="bbox 72 2354 115 2387">
     <span class='ocr_line' id='line_1_5' title="bbox 72 2354 115 2387; baseline 0.023 -1"><span class='ocrx_word' id='word_1_5' title='bbox 72 2354 115 2387; x_wconf 84' lang='lat'><strong><em>25</em></strong></span> 
     </span>
    </p>
   </div>
   <div class='ocr_carea' id='block_1_6' title="bbox 850 77 1825 130">
    <p class='ocr_par' dir='ltr' id='par_1_6' title="bbox 850 77 1825 130">
     <span class='ocr_line' id='line_1_6' title="bbox 850 77 1825 130; baseline 0.006 -8"><span class='ocrx_word' id='word_1_6' title='bbox 850 82 1125 122; x_wconf 70' lang='grc' dir='ltr'><strong>ΤΕΤΑΡΓΗ</strong></span> <span class='ocrx_word' id='word_1_7' title='bbox 1721 77 1825 130; x_wconf 81' lang='grc'><strong><em>251</em></strong></span> 
     </span>
    </p>
   </div>
   <div class='ocr_carea' id='block_1_7' title="bbox 136 213 1833 2930">
    <p class='ocr_par' dir='ltr' id='par_1_7' title="bbox 136 213 1833 2756">
     <span class='ocr_line' id='line_1_7' title="bbox 141 213 1828 286; baseline -0.003 -17"><span class='ocrx_word' id='word_1_8' title='bbox 141 218 271 286; x_wconf 88' lang='grc' dir='ltr'><strong><em>δρὸς</em></strong></span> <span class='ocrx_word' id='word_1_9' title='bbox 322 216 456 285; x_wconf 76' lang='grc' dir='ltr'><strong><em>αὐτῇ</em></strong></span> <span class='ocrx_word' id='word_1_10' title='bbox 504 217 971 283; x_wconf 76' lang='grc' dir='ltr'><strong><em>τετελευτηκότος,</em></strong></span> <span class='ocrx_word' id='word_1_11' title='bbox 1020 213 1258 283; x_wconf 80' lang='grc' dir='ltr'><strong><em>ἁδελφὸς</em></strong></span> <span class='ocrx_word' id='word_1_12' title='bbox 1307 213 1520 266; x_wconf 86' lang='grc' dir='ltr'><strong><em>ἐκείνου</em></strong></span> <span class='ocrx_word' id='word_1_13' title='bbox 1571 214 1828 280; x_wconf 92' lang='grc' dir='ltr'><strong><em>γαμείτω,</em></strong></span> 
     </span>
     <span class='ocr_line' id='line_1_8' title="bbox 139 298 1831 373; baseline -0.003 -16"><span class='ocrx_word' id='word_1_14' title='bbox 139 303 230 357; x_wconf 84' lang='grc' dir='ltr'><strong><em>καὶ</em></strong></span> <span class='ocrx_word' id='word_1_15' title='bbox 268 306 365 358; x_wconf 89' lang='grc' dir='ltr'><strong><em>τὸν</em></strong></span> <span class='ocrx_word' id='word_1_16' title='bbox 403 304 572 356; x_wconf 91' lang='grc' dir='ltr'><strong><em>παῖδα</em></strong></span> <span class='ocrx_word' id='word_1_17' title='bbox 612 305 708 356; x_wconf 92' lang='grc' dir='ltr'><strong><em>τὸν</em></strong></span> <span class='ocrx_word' id='word_1_18' title='bbox 749 305 1051 371; x_wconf 89' lang='grc' dir='ltr'><strong><em>γενόμενον</em></strong></span> <span class='ocrx_word' id='word_1_19' title='bbox 1090 310 1163 373; x_wconf 78' lang='grc' dir='ltr'><strong><em>τῷ</em></strong></span> <span class='ocrx_word' id='word_1_20' title='bbox 1199 310 1296 355; x_wconf 91' lang='grc' dir='ltr'><strong><em>τοῦ</em></strong></span> <span class='ocrx_word' id='word_1_21' title='bbox 1336 307 1639 363; x_wconf 84' lang='grc' dir='ltr'><strong><em>τεθνεῶτος</em></strong></span> <span class='ocrx_word' id='word_1_22' title='bbox 1677 298 1831 352; x_wconf 89' lang='grc' dir='ltr'><strong><em>καλέ-</em></strong></span> 
     </span>
     <span class='ocr_line' id='line_1_9' title="bbox 140 389 1830 461; baseline -0.002 -16"><span class='ocrx_word' id='word_1_23' title='bbox 140 406 238 455; x_wconf 83' lang='grc' dir='ltr'><strong><em>σας</em></strong></span> <span class='ocrx_word' id='word_1_24' title='bbox 277 392 504 461; x_wconf 92' lang='grc' dir='ltr'><strong><em>ὀνόματι</em></strong></span> <span class='ocrx_word' id='word_1_25' title='bbox 536 389 776 461; x_wconf 79' lang='grc' dir='ltr'><strong><em>τρεφέτω</em></strong></span> <span class='ocrx_word' id='word_1_26' title='bbox 810 399 908 445; x_wconf 85' lang='grc' dir='ltr'><strong><em>τοῦ</em></strong></span> <span class='ocrx_word' id='word_1_27' title='bbox 948 393 1155 459; x_wconf 89' lang='grc' dir='ltr'><strong><em>κλήρου</em></strong></span> <span class='ocrx_word' id='word_1_28' title='bbox 1198 392 1482 460; x_wconf 90' lang='grc' dir='ltr'><strong><em>διάδοχον·</em></strong></span> <span class='ocrx_word' id='word_1_29' title='bbox 1523 398 1685 443; x_wconf 87' lang='grc' dir='ltr'><strong><em>τοῦτο</em></strong></span> <span class='ocrx_word' id='word_1_30' title='bbox 1727 390 1830 457; x_wconf 79' lang='grc' dir='ltr'><strong><em>γὰρ</em></strong></span> 
     </span>
     <span class='ocr_line' id='line_1_10' title="bbox 138 479 1831 549; baseline -0.002 -16"><span class='ocrx_word' id='word_1_31' title='bbox 138 479 229 533; x_wconf 85' lang='grc' dir='ltr'><strong><em>καὶ</em></strong></span> <span class='ocrx_word' id='word_1_32' title='bbox 270 488 383 543; x_wconf 83' lang='grc' dir='ltr'><strong><em>τοῖς</em></strong></span> <span class='ocrx_word' id='word_1_33' title='bbox 430 481 714 549; x_wconf 77' lang='grc' dir='ltr'><em>δημοσίοις</em></span> <span class='ocrx_word' id='word_1_34' title='bbox 762 481 1103 548; x_wconf 79' lang='grc' dir='ltr'><strong><em>λυσιτελήσει</em></strong></span> <span class='ocrx_word' id='word_1_35' title='bbox 1143 481 1466 547; x_wconf 90' lang='grc' dir='ltr'><strong><em>γινόμενον,</em></strong></span> <span class='ocrx_word' id='word_1_36' title='bbox 1514 487 1623 530; x_wconf 87' lang='grc' dir='ltr'><strong><em>τῶν</em></strong></span> <span class='ocrx_word' id='word_1_37' title='bbox 1664 481 1831 530; x_wconf 81' lang='grc' dir='ltr'><strong><em>οἴκων</em></strong></span> 
     </span>
     <span class='ocr_line' id='line_1_11' title="bbox 139 562 1832 637; baseline -0.002 -16"><span class='ocrx_word' id='word_1_38' title='bbox 139 569 239 622; x_wconf 87' lang='grc' dir='ltr'><strong><em>οὐκ</em></strong></span> <span class='ocrx_word' id='word_1_39' title='bbox 294 567 660 621; x_wconf 81' lang='grc' dir='ltr'><strong><em>ἐκλειπόντων</em></strong></span> <span class='ocrx_word' id='word_1_40' title='bbox 715 566 805 620; x_wconf 86' lang='grc' dir='ltr'><strong><em>καὶ</em></strong></span> <span class='ocrx_word' id='word_1_41' title='bbox 860 577 969 620; x_wconf 86' lang='grc' dir='ltr'><strong><em>τῶν</em></strong></span> <span class='ocrx_word' id='word_1_42' title='bbox 1024 566 1315 637; x_wconf 87' lang='grc' dir='ltr'><strong><em>χρημάτων</em></strong></span> <span class='ocrx_word' id='word_1_43' title='bbox 1376 576 1487 628; x_wconf 86' lang='grc' dir='ltr'><strong><em>τοῖς</em></strong></span> <span class='ocrx_word' id='word_1_44' title='bbox 1543 562 1832 633; x_wconf 73' lang='grc' dir='ltr'><strong><em>συγγενέσι</em></strong></span> 
     </span>
     <span class='ocr_line' id='line_1_12' title="bbox 137 654 1832 725; baseline -0.003 -15"><span class='ocrx_word' id='word_1_45' title='bbox 137 659 451 725; x_wconf 84' lang='grc' dir='ltr'><strong><em>μενόντων,</em></strong></span> <span class='ocrx_word' id='word_1_46' title='bbox 491 655 581 709; x_wconf 83' lang='grc' dir='ltr'><strong><em>καὶ</em></strong></span> <span class='ocrx_word' id='word_1_47' title='bbox 620 665 737 719; x_wconf 89' lang='grc' dir='ltr'><strong><em>ταῖς</em></strong></span> <span class='ocrx_word' id='word_1_48' title='bbox 775 654 992 723; x_wconf 81' lang='grc' dir='ltr'><strong><em>γυναιξὶ</em></strong></span> <span class='ocrx_word' id='word_1_49' title='bbox 1033 657 1344 724; x_wconf 79' lang='grc' dir='ltr'><strong><em>κουφισμὸν</em></strong></span> <span class='ocrx_word' id='word_1_50' title='bbox 1386 660 1523 707; x_wconf 79' lang='grc' dir='ltr'><strong><em>οἴσει</em></strong></span> <span class='ocrx_word' id='word_1_51' title='bbox 1564 662 1656 717; x_wconf 77' lang='grc' dir='ltr'><strong><em>τῆς</em></strong></span> <span class='ocrx_word' id='word_1_52' title='bbox 1697 668 1832 721; x_wconf 91' lang='grc' dir='ltr'><strong><em>συμ-</em></strong></span> 
     </span>
     <span class='ocr_line' id='line_1_13' title="bbox 137 742 1829 815; baseline -0.003 -17"><span class='ocrx_word' id='word_1_53' title='bbox 137 753 331 815; x_wconf 86' lang='grc' dir='ltr'><strong><em>φορᾶς,</em></strong></span> <span class='ocrx_word' id='word_1_54' title='bbox 356 755 469 808; x_wconf 89' lang='grc' dir='ltr'><strong><em>τοῖς</em></strong></span> <span class='ocrx_word' id='word_1_55' title='bbox 494 747 713 813; x_wconf 81' lang='grc' dir='ltr'><strong><em>ἔγγιστα</em></strong></span> <span class='ocrx_word' id='word_1_56' title='bbox 738 755 847 797; x_wconf 87' lang='grc' dir='ltr'><strong><em>τῶν</em></strong></span> <span class='ocrx_word' id='word_1_57' title='bbox 872 742 1154 812; x_wconf 74' lang='grc' dir='ltr'><strong><em>προτέρων</em></strong></span> <span class='ocrx_word' id='word_1_58' title='bbox 1180 743 1401 810; x_wconf 83' lang='grc' dir='ltr'><strong><em>ἀνδρῶν</em></strong></span> <span class='ocrx_word' id='word_1_59' title='bbox 1428 743 1829 803; x_wconf 76' lang='grc' dir='ltr'><strong><em>συνοικούσαις.</em></strong></span> 
     </span>
     <span class='ocr_line' id='line_1_14' title="bbox 138 828 1830 901; baseline -0.002 -17"><span class='ocrx_word' id='word_1_60' title='bbox 138 834 318 901; x_wconf 72' lang='lat'>&lt;255&gt;</span> <span class='ocrx_word' id='word_1_61' title='bbox 359 833 455 885; x_wconf 81' lang='grc' dir='ltr'><strong><em>ἐὰν</em></strong></span> <span class='ocrx_word' id='word_1_62' title='bbox 506 830 566 885; x_wconf 73' lang='grc' dir='ltr'><strong><em>δὲ</em></strong></span> <span class='ocrx_word' id='word_1_63' title='bbox 615 835 687 901; x_wconf 86' lang='grc' dir='ltr'><strong><em>μὴ</em></strong></span> <span class='ocrx_word' id='word_1_64' title='bbox 736 834 1001 901; x_wconf 87' lang='grc' dir='ltr'><strong><em>βούληται</em></strong></span> <span class='ocrx_word' id='word_1_65' title='bbox 1049 841 1244 900; x_wconf 92' lang='grc' dir='ltr'><strong><em>γαμεῖν</em></strong></span> <span class='ocrx_word' id='word_1_66' title='bbox 1293 830 1555 898; x_wconf 83' lang='grc' dir='ltr'><strong><em>ἁδελφός,</em></strong></span> <span class='ocrx_word' id='word_1_67' title='bbox 1604 828 1691 882; x_wconf 84' lang='grc' dir='ltr'><strong><em>ε’πὶ</em></strong></span> <span class='ocrx_word' id='word_1_68' title='bbox 1732 831 1830 897; x_wconf 87' lang='grc' dir='ltr'><strong><em>τὴν</em></strong></span> 
     </span>
     <span class='ocr_line' id='line_1_15' title="bbox 136 916 1832 991; baseline -0.002 -17"><span class='ocrx_word' id='word_1_69' title='bbox 136 925 432 991; x_wconf 87' lang='grc' dir='ltr'><strong><em>γερουσίαν</em></strong></span> <span class='ocrx_word' id='word_1_70' title='bbox 496 920 742 974; x_wconf 84' lang='grc' dir='ltr'><strong><em>ἐλθοῦσα</em></strong></span> <span class='ocrx_word' id='word_1_71' title='bbox 805 921 836 988; x_wconf 85' lang='grc' dir='ltr'><em>ἡ</em></span> <span class='ocrx_word' id='word_1_72' title='bbox 898 922 1036 988; x_wconf 87' lang='grc' dir='ltr'><strong><em>γυνὴ</em></strong></span> <span class='ocrx_word' id='word_1_73' title='bbox 1093 919 1465 989; x_wconf 78' lang='grc' dir='ltr'><strong><em>μαρτυράσθω</em></strong></span> <span class='ocrx_word' id='word_1_74' title='bbox 1525 916 1692 972; x_wconf 83' lang='grc' dir='ltr'><strong><em>τοῦθ’</em></strong></span> <span class='ocrx_word' id='word_1_75' title='bbox 1749 919 1832 971; x_wconf 85' lang='grc' dir='ltr'><strong><em>ὅτι</em></strong></span> 
     </span>
     <span class='ocr_line' id='line_1_16' title="bbox 137 1005 1829 1079; baseline -0.003 -17"><span class='ocrx_word' id='word_1_76' title='bbox 137 1006 487 1079; x_wconf 78' lang='grc' dir='ltr'><strong><em>βουλομένην</em></strong></span> <span class='ocrx_word' id='word_1_77' title='bbox 514 1008 686 1076; x_wconf 86' lang='grc' dir='ltr'><strong><em>αὐτὴν</em></strong></span> <span class='ocrx_word' id='word_1_78' title='bbox 713 1006 801 1060; x_wconf 85' lang='grc' dir='ltr'><strong><em>ἐπὶ</em></strong></span> <span class='ocrx_word' id='word_1_79' title='bbox 835 1015 933 1060; x_wconf 93' lang='grc' dir='ltr'><strong><em>τοῦ</em></strong></span> <span class='ocrx_word' id='word_1_80' title='bbox 967 1013 1122 1060; x_wconf 75' lang='grc' dir='ltr'><strong><em>οἴκου</em></strong></span> <span class='ocrx_word' id='word_1_81' title='bbox 1164 1006 1350 1075; x_wconf 89' lang='grc' dir='ltr'><strong><em>μένειν</em></strong></span> <span class='ocrx_word' id='word_1_82' title='bbox 1382 1005 1473 1058; x_wconf 87' lang='grc' dir='ltr'><strong><em>καὶ</em></strong></span> <span class='ocrx_word' id='word_1_83' title='bbox 1505 1015 1735 1058; x_wconf 86' lang='grc' dir='ltr'><strong><em>τεκνοῦν</em></strong></span> <span class='ocrx_word' id='word_1_84' title='bbox 1776 1005 1829 1069; x_wconf 80' lang='grc' dir='ltr'><strong><em>ἐξ</em></strong></span> 
     </span>
     <span class='ocr_line' id='line_1_17' title="bbox 137 1094 1833 1166; baseline -0.003 -15"><span class='ocrx_word' id='word_1_85' title='bbox 137 1098 308 1151; x_wconf 89' lang='grc' dir='ltr'><strong><em>αὐτοῦ</em></strong></span> <span class='ocrx_word' id='word_1_86' title='bbox 356 1098 428 1166; x_wconf 87' lang='grc' dir='ltr'><strong><em>μὴ</em></strong></span> <span class='ocrx_word' id='word_1_87' title='bbox 480 1094 868 1165; x_wconf 83' lang='grc' dir='ltr'><strong><em>προσδέχοιτο,</em></strong></span> <span class='ocrx_word' id='word_1_88' title='bbox 916 1096 1154 1164; x_wconf 81' lang='grc' dir='ltr'><strong><em>ὑβρίζων</em></strong></span> <span class='ocrx_word' id='word_1_89' title='bbox 1201 1097 1302 1163; x_wconf 87' lang='grc' dir='ltr'><strong><em>τὴν</em></strong></span> <span class='ocrx_word' id='word_1_90' title='bbox 1353 1103 1450 1147; x_wconf 92' lang='grc' dir='ltr'><strong><em>τοῦ</em></strong></span> <span class='ocrx_word' id='word_1_91' title='bbox 1502 1097 1833 1163; x_wconf 85' lang='grc' dir='ltr'><strong><em>τεθνηκότος</em></strong></span> 
     </span>
     <span class='ocr_line' id='line_1_18' title="bbox 137 1181 1831 1256; baseline -0.004 -16"><span class='ocrx_word' id='word_1_92' title='bbox 137 1186 383 1256; x_wconf 89' lang='grc' dir='ltr'><strong><em>ἀδελφοῦ</em></strong></span> <span class='ocrx_word' id='word_1_93' title='bbox 416 1187 651 1253; x_wconf 84' lang='grc' dir='ltr'><strong><em>μνήμην.</em></strong></span> <span class='ocrx_word' id='word_1_94' title='bbox 710 1183 972 1253; x_wconf 75' lang='grc' dir='ltr'><strong><em>ἐρομένης</em></strong></span> <span class='ocrx_word' id='word_1_95' title='bbox 1006 1181 1066 1235; x_wconf 77' lang='grc' dir='ltr'><strong><em>δὲ</em></strong></span> <span class='ocrx_word' id='word_1_96' title='bbox 1099 1192 1192 1251; x_wconf 83' lang='grc' dir='ltr'><strong><em>τῆς</em></strong></span> <span class='ocrx_word' id='word_1_97' title='bbox 1220 1185 1511 1252; x_wconf 87' lang='grc' dir='ltr'><strong><em>γερουσίας</em></strong></span> <span class='ocrx_word' id='word_1_98' title='bbox 1544 1184 1635 1235; x_wconf 79' lang='grc' dir='ltr'><strong><em>διὰ</em></strong></span> <span class='ocrx_word' id='word_1_99' title='bbox 1666 1185 1831 1236; x_wconf 87' lang='grc' dir='ltr'><strong><em>ποίαν</em></strong></span> 
     </span>
     <span class='ocr_line' id='line_1_19' title="bbox 137 1262 1831 1343; baseline -0.002 -16"><span class='ocrx_word' id='word_1_100' title='bbox 137 1262 317 1328; x_wconf 82' lang='grc' dir='ltr'><strong><em>αἰτίαν</em></strong></span> <span class='ocrx_word' id='word_1_101' title='bbox 357 1273 655 1343; x_wconf 79' lang='grc' dir='ltr'><strong><em>ἀλλοτρίως</em></strong></span> <span class='ocrx_word' id='word_1_102' title='bbox 704 1275 813 1342; x_wconf 84' lang='grc' dir='ltr'><strong><em>ἔχει</em></strong></span> <span class='ocrx_word' id='word_1_103' title='bbox 853 1275 988 1342; x_wconf 88' lang='grc' dir='ltr'><strong><em>πρὸς</em></strong></span> <span class='ocrx_word' id='word_1_104' title='bbox 1035 1274 1132 1325; x_wconf 92' lang='grc' dir='ltr'><strong><em>τὸν</em></strong></span> <span class='ocrx_word' id='word_1_105' title='bbox 1173 1272 1378 1340; x_wconf 85' lang='grc' dir='ltr'><strong><em>γάμον,</em></strong></span> <span class='ocrx_word' id='word_1_106' title='bbox 1427 1273 1494 1323; x_wconf 80' lang='grc' dir='ltr'><strong><em>ἄν</em></strong></span> <span class='ocrx_word' id='word_1_107' title='bbox 1535 1291 1590 1324; x_wconf 88' lang='grc' dir='ltr'><strong><em>τε</em></strong></span> <span class='ocrx_word' id='word_1_108' title='bbox 1632 1273 1831 1340; x_wconf 80' lang='grc' dir='ltr'><strong><em>μικρὰν</em></strong></span> 
     </span>
     <span class='ocr_line' id='line_1_20' title="bbox 138 1358 1832 1431; baseline -0.003 -15"><span class='ocrx_word' id='word_1_109' title='bbox 138 1365 207 1416; x_wconf 79' lang='grc' dir='ltr'><strong><em>ἄν</em></strong></span> <span class='ocrx_word' id='word_1_110' title='bbox 246 1383 301 1415; x_wconf 92' lang='grc' dir='ltr'><strong><em>τε</em></strong></span> <span class='ocrx_word' id='word_1_111' title='bbox 334 1365 493 1431; x_wconf 81' lang='grc' dir='ltr'><strong><em>μείζω</em></strong></span> <span class='ocrx_word' id='word_1_112' title='bbox 535 1360 685 1431; x_wconf 80' lang='grc' dir='ltr'><strong><em>λέγῃ,</em></strong></span> <span class='ocrx_word' id='word_1_113' title='bbox 724 1363 860 1430; x_wconf 88' lang='grc' dir='ltr'><strong><em>πρὸς</em></strong></span> <span class='ocrx_word' id='word_1_114' title='bbox 898 1369 1067 1413; x_wconf 86' lang='grc' dir='ltr'><strong><em>ταῦτα</em></strong></span> <span class='ocrx_word' id='word_1_115' title='bbox 1109 1358 1328 1428; x_wconf 81' lang='grc' dir='ltr'><strong><em>ῥεπέτω.</em></strong></span> <span class='ocrx_word' id='word_1_116' title='bbox 1407 1360 1588 1427; x_wconf 75' lang='grc'>&lt;256&gt;</span> <span class='ocrx_word' id='word_1_117' title='bbox 1627 1359 1832 1412; x_wconf 84' lang='grc' dir='ltr'><strong><em>ὑπολύ-</em></strong></span> 
     </span>
     <span class='ocr_line' id='line_1_21' title="bbox 138 1446 1832 1518; baseline -0.002 -14"><span class='ocrx_word' id='word_1_118' title='bbox 138 1465 277 1504; x_wconf 88' lang='grc' dir='ltr'><strong><em>σασα</em></strong></span> <span class='ocrx_word' id='word_1_119' title='bbox 313 1449 360 1503; x_wconf 80' lang='grc' dir='ltr'><strong><em>δ’</em></strong></span> <span class='ocrx_word' id='word_1_120' title='bbox 401 1451 569 1504; x_wconf 89' lang='grc' dir='ltr'><strong><em>αὐτὸν</em></strong></span> <span class='ocrx_word' id='word_1_121' title='bbox 608 1451 640 1518; x_wconf 84' lang='grc' dir='ltr'><em>ἡ</em></span> <span class='ocrx_word' id='word_1_122' title='bbox 683 1451 823 1518; x_wconf 87' lang='grc' dir='ltr'><strong><em>γυνὴ</em></strong></span> <span class='ocrx_word' id='word_1_123' title='bbox 864 1449 1140 1518; x_wconf 85' lang='grc' dir='ltr'><strong><em>τάδελφοῦ</em></strong></span> <span class='ocrx_word' id='word_1_124' title='bbox 1181 1450 1245 1501; x_wconf 78' lang='grc' dir='ltr'><strong><em>τα</em></strong></span> <span class='ocrx_word' id='word_1_125' title='bbox 1286 1449 1532 1501; x_wconf 76' lang='grc' dir='ltr'><strong><em>σάνδαλα</em></strong></span> <span class='ocrx_word' id='word_1_126' title='bbox 1572 1446 1662 1500; x_wconf 86' lang='grc' dir='ltr'><strong><em>καὶ</em></strong></span> <span class='ocrx_word' id='word_1_127' title='bbox 1701 1451 1832 1501; x_wconf 87' lang='grc' dir='ltr'><strong><em>πτύ-</em></strong></span> 
     </span>
     <span class='ocr_line' id='line_1_22' title="bbox 138 1534 1833 1606; baseline -0.002 -13"><span class='ocrx_word' id='word_1_128' title='bbox 138 1554 278 1593; x_wconf 90' lang='grc' dir='ltr'><strong><em>σασα</em></strong></span> <span class='ocrx_word' id='word_1_129' title='bbox 318 1539 490 1592; x_wconf 84' lang='grc' dir='ltr'><strong><em>αὐτοῦ</em></strong></span> <span class='ocrx_word' id='word_1_130' title='bbox 529 1540 607 1601; x_wconf 86' lang='grc' dir='ltr'><strong><em>εἰς</em></strong></span> <span class='ocrx_word' id='word_1_131' title='bbox 645 1540 704 1591; x_wconf 91' lang='grc' dir='ltr'><strong><em>τὸ</em></strong></span> <span class='ocrx_word' id='word_1_132' title='bbox 745 1541 1062 1606; x_wconf 86' lang='grc' dir='ltr'><strong><em>πρόσωπον,</em></strong></span> <span class='ocrx_word' id='word_1_133' title='bbox 1102 1539 1313 1590; x_wconf 86' lang='grc' dir='ltr'><strong><em>τούτων</em></strong></span> <span class='ocrx_word' id='word_1_134' title='bbox 1355 1537 1522 1590; x_wconf 85' lang='grc' dir='ltr'><strong><em>αὐτὸν</em></strong></span> <span class='ocrx_word' id='word_1_135' title='bbox 1564 1536 1718 1600; x_wconf 78' lang='grc' dir='ltr'><strong><em>ἄξιον</em></strong></span> <span class='ocrx_word' id='word_1_136' title='bbox 1759 1534 1833 1590; x_wconf 82' lang='grc' dir='ltr'><strong><em>εἶ-</em></strong></span> 
     </span>
     <span class='ocr_line' id='line_1_23' title="bbox 136 1625 1831 1698; baseline -0.001 -17"><span class='ocrx_word' id='word_1_137' title='bbox 136 1649 229 1682; x_wconf 89' lang='grc' dir='ltr'><strong><em>ναι</em></strong></span> <span class='ocrx_word' id='word_1_138' title='bbox 266 1625 392 1698; x_wconf 83' lang='grc' dir='ltr'><strong><em>παρ’</em></strong></span> <span class='ocrx_word' id='word_1_139' title='bbox 441 1627 606 1695; x_wconf 81' lang='grc' dir='ltr'><strong><em>αὐτῆς</em></strong></span> <span class='ocrx_word' id='word_1_140' title='bbox 646 1625 844 1694; x_wconf 86' lang='grc' dir='ltr'><strong><em>λεγέτω</em></strong></span> <span class='ocrx_word' id='word_1_141' title='bbox 886 1626 1209 1696; x_wconf 80' lang='grc' dir='ltr'><strong><em>τυγχάνειν,</em></strong></span> <span class='ocrx_word' id='word_1_142' title='bbox 1250 1625 1553 1695; x_wconf 85' lang='grc' dir='ltr'><strong><em>ὑβρίσαντα</em></strong></span> <span class='ocrx_word' id='word_1_143' title='bbox 1593 1627 1693 1693; x_wconf 88' lang='grc' dir='ltr'><strong><em>τὴν</em></strong></span> <span class='ocrx_word' id='word_1_144' title='bbox 1733 1635 1831 1679; x_wconf 87' lang='grc' dir='ltr'><strong><em>τοῦ</em></strong></span> 
     </span>
     <span class='ocr_line' id='line_1_24' title="bbox 136 1707 1833 1786; baseline -0.002 -16"><span class='ocrx_word' id='word_1_145' title='bbox 136 1714 530 1786; x_wconf 84' lang='grc' dir='ltr'><strong><em>κατοιχομένου</em></strong></span> <span class='ocrx_word' id='word_1_146' title='bbox 587 1718 822 1784; x_wconf 83' lang='grc' dir='ltr'><strong><em>μνήμην.</em></strong></span> <span class='ocrx_word' id='word_1_147' title='bbox 913 1707 1003 1766; x_wconf 82' lang='grc' dir='ltr'><strong><em>καὶ</em></strong></span> <span class='ocrx_word' id='word_1_148' title='bbox 1051 1714 1079 1766; x_wconf 86' lang='grc' dir='ltr'>ὃ</span> <span class='ocrx_word' id='word_1_149' title='bbox 1128 1711 1228 1782; x_wconf 73' lang='grc' dir='ltr'><strong><em>μὲν</em></strong></span> <span class='ocrx_word' id='word_1_150' title='bbox 1285 1713 1343 1766; x_wconf 84' lang='grc' dir='ltr'><strong><em>ἐκ</em></strong></span> <span class='ocrx_word' id='word_1_151' title='bbox 1396 1722 1489 1781; x_wconf 82' lang='grc' dir='ltr'><strong><em>τῆς</em></strong></span> <span class='ocrx_word' id='word_1_152' title='bbox 1543 1718 1833 1782; x_wconf 89' lang='grc' dir='ltr'><strong><em>γερουσίας</em></strong></span> 
     </span>
     <span class='ocr_line' id='line_1_25' title="bbox 138 1800 1825 1874; baseline -0.002 -16"><span class='ocrx_word' id='word_1_153' title='bbox 138 1804 308 1858; x_wconf 82' lang='grc' dir='ltr'><strong><em>ἀπίτω</em></strong></span> <span class='ocrx_word' id='word_1_154' title='bbox 349 1801 496 1858; x_wconf 84' lang='grc' dir='ltr'><strong><em>τοῦτ’</em></strong></span> <span class='ocrx_word' id='word_1_155' title='bbox 530 1806 669 1874; x_wconf 79' lang='grc' dir='ltr'><strong><em>ἔχων</em></strong></span> <span class='ocrx_word' id='word_1_156' title='bbox 711 1805 926 1865; x_wconf 84' lang='grc' dir='ltr'><strong><em>ὄνειδος</em></strong></span> <span class='ocrx_word' id='word_1_157' title='bbox 956 1805 1091 1873; x_wconf 88' lang='grc' dir='ltr'><strong><em>πρὸς</em></strong></span> <span class='ocrx_word' id='word_1_158' title='bbox 1124 1804 1336 1855; x_wconf 77' lang='grc' dir='ltr'><strong><em>ἅπαντα</em></strong></span> <span class='ocrx_word' id='word_1_159' title='bbox 1376 1804 1471 1855; x_wconf 92' lang='grc' dir='ltr'><strong><em>τὸν</em></strong></span> <span class='ocrx_word' id='word_1_160' title='bbox 1512 1805 1657 1871; x_wconf 88' lang='grc' dir='ltr'><strong><em>βιόν,</em></strong></span> <span class='ocrx_word' id='word_1_161' title='bbox 1697 1802 1729 1870; x_wconf 80' lang='grc' dir='ltr'><em>ἣ</em></span> <span class='ocrx_word' id='word_1_162' title='bbox 1772 1800 1825 1855; x_wconf 81' lang='grc' dir='ltr'><strong><em>δ’</em></strong></span> 
     </span>
     <span class='ocr_line' id='line_1_26' title="bbox 138 1888 1832 1966; baseline -0.002 -20"><span class='ocrx_word' id='word_1_163' title='bbox 138 1888 285 1966; x_wconf 73' lang='grc' dir='ltr'><strong><em>ᾧπερ</em></strong></span> <span class='ocrx_word' id='word_1_164' title='bbox 320 1892 389 1946; x_wconf 76' lang='grc' dir='ltr'><strong><em>ἂν</em></strong></span> <span class='ocrx_word' id='word_1_165' title='bbox 421 1897 675 1962; x_wconf 79' lang='grc' dir='ltr'><strong><em>βουληθῇ</em></strong></span> <span class='ocrx_word' id='word_1_166' title='bbox 708 1891 817 1945; x_wconf 81' lang='grc' dir='ltr'><strong><em>τινὶ</em></strong></span> <span class='ocrx_word' id='word_1_167' title='bbox 848 1902 958 1945; x_wconf 84' lang='grc' dir='ltr'><strong><em>τῶν</em></strong></span> <span class='ocrx_word' id='word_1_168' title='bbox 985 1889 1263 1960; x_wconf 86' lang='grc' dir='ltr'><strong><em>δεομένων</em></strong></span> <span class='ocrx_word' id='word_1_169' title='bbox 1298 1893 1597 1959; x_wconf 85' lang='grc' dir='ltr'><strong><em>γαμείσθω.</em></strong></span> <span class='ocrx_word' id='word_1_170' title='bbox 1649 1891 1832 1958; x_wconf 71' lang='grc'>&lt;257&gt;</span> 
     </span>
     <span class='ocr_line' id='line_1_27' title="bbox 138 1977 1832 2052; baseline -0.003 -17"><span class='ocrx_word' id='word_1_171' title='bbox 138 1981 206 2035; x_wconf 76' lang='grc' dir='ltr'><strong><em>ἂν</em></strong></span> <span class='ocrx_word' id='word_1_172' title='bbox 241 1980 290 2034; x_wconf 80' lang='grc' dir='ltr'><strong><em>δ’</em></strong></span> <span class='ocrx_word' id='word_1_173' title='bbox 331 1982 676 2052; x_wconf 79' lang='grc' dir='ltr'><strong><em>αἰχμάλωτόν</em></strong></span> <span class='ocrx_word' id='word_1_174' title='bbox 708 2001 788 2043; x_wconf 85' lang='grc' dir='ltr'><strong><em>τις</em></strong></span> <span class='ocrx_word' id='word_1_175' title='bbox 821 1981 959 2050; x_wconf 78' lang='grc' dir='ltr'><strong><em>λάβῃ</em></strong></span> <span class='ocrx_word' id='word_1_176' title='bbox 993 1978 1297 2049; x_wconf 89' lang='grc' dir='ltr'><strong><em>παρθένον,</em></strong></span> <span class='ocrx_word' id='word_1_177' title='bbox 1338 1980 1405 2031; x_wconf 77' lang='grc' dir='ltr'><strong><em>ἄν</em></strong></span> <span class='ocrx_word' id='word_1_178' title='bbox 1446 1999 1501 2031; x_wconf 93' lang='grc' dir='ltr'><strong><em>τε</em></strong></span> <span class='ocrx_word' id='word_1_179' title='bbox 1541 1977 1632 2031; x_wconf 84' lang='grc' dir='ltr'><strong><em>καὶ</em></strong></span> <span class='ocrx_word' id='word_1_180' title='bbox 1673 1999 1832 2046; x_wconf 88' lang='grc' dir='ltr'><strong><em>γεγα-</em></strong></span> 
     </span>
     <span class='ocr_line' id='line_1_28' title="bbox 137 2066 1830 2142; baseline -0.002 -19"><span class='ocrx_word' id='word_1_181' title='bbox 137 2068 416 2139; x_wconf 89' lang='grc' dir='ltr'><strong><em>μημένην,</em></strong></span> <span class='ocrx_word' id='word_1_182' title='bbox 467 2068 789 2142; x_wconf 81' lang='grc' dir='ltr'><strong><em>βουλομένῳ</em></strong></span> <span class='ocrx_word' id='word_1_183' title='bbox 847 2077 1127 2121; x_wconf 77' lang='grc' dir='ltr'><strong><em>συνοικεῖν</em></strong></span> <span class='ocrx_word' id='word_1_184' title='bbox 1183 2069 1254 2136; x_wconf 89' lang='grc' dir='ltr'><strong><em>μὴ</em></strong></span> <span class='ocrx_word' id='word_1_185' title='bbox 1309 2070 1580 2136; x_wconf 89' lang='grc' dir='ltr'><strong><em>πρότερον</em></strong></span> <span class='ocrx_word' id='word_1_186' title='bbox 1637 2066 1830 2131; x_wconf 82' lang='grc' dir='ltr'><strong><em>ἐξέστω</em></strong></span> 
     </span>
     <span class='ocr_line' id='line_1_29' title="bbox 138 2154 1831 2227; baseline -0.002 -16"><span class='ocrx_word' id='word_1_187' title='bbox 138 2158 300 2227; x_wconf 84' lang='grc' dir='ltr'><strong><em>εὐνῆς</em></strong></span> <span class='ocrx_word' id='word_1_188' title='bbox 340 2160 590 2222; x_wconf 74' lang='grc' dir='ltr'><strong><em>ἅψασθαι</em></strong></span> <span class='ocrx_word' id='word_1_189' title='bbox 638 2157 727 2210; x_wconf 86' lang='grc' dir='ltr'><strong><em>καὶ</em></strong></span> <span class='ocrx_word' id='word_1_190' title='bbox 774 2160 1092 2224; x_wconf 88' lang='grc' dir='ltr'><strong><em>κοινωνίας,</em></strong></span> <span class='ocrx_word' id='word_1_191' title='bbox 1139 2155 1270 2223; x_wconf 83' lang='grc' dir='ltr'><strong><em>πρὶν</em></strong></span> <span class='ocrx_word' id='word_1_192' title='bbox 1311 2156 1342 2224; x_wconf 75' lang='grc' dir='ltr'>ἢ</span> <span class='ocrx_word' id='word_1_193' title='bbox 1384 2154 1694 2225; x_wconf 84' lang='grc' dir='ltr'><strong><em>ξυραμένην</em></strong></span> <span class='ocrx_word' id='word_1_194' title='bbox 1735 2157 1831 2208; x_wconf 87' lang='grc' dir='ltr'><strong><em>αὐ-</em></strong></span> 
     </span>
     <span class='ocr_line' id='line_1_30' title="bbox 138 2242 1830 2315; baseline -0.001 -16"><span class='ocrx_word' id='word_1_195' title='bbox 138 2248 238 2315; x_wconf 86' lang='grc' dir='ltr'><strong><em>τὴν</em></strong></span> <span class='ocrx_word' id='word_1_196' title='bbox 288 2246 379 2299; x_wconf 83' lang='grc' dir='ltr'><strong><em>καὶ</em></strong></span> <span class='ocrx_word' id='word_1_197' title='bbox 431 2245 708 2315; x_wconf 90' lang='grc' dir='ltr'><strong><em>πένθιμον</em></strong></span> <span class='ocrx_word' id='word_1_198' title='bbox 765 2254 943 2315; x_wconf 82' lang='grc' dir='ltr'><strong><em>σχῆμα</em></strong></span> <span class='ocrx_word' id='word_1_199' title='bbox 999 2245 1388 2313; x_wconf 79' lang='grc' dir='ltr'><strong><em>ἀναλαβοῦσαν</em></strong></span> <span class='ocrx_word' id='word_1_200' title='bbox 1443 2242 1830 2314; x_wconf 82' lang='grc' dir='ltr'><strong><em>ἀποθρηνῆσαι</em></strong></span> 
     </span>
     <span class='ocr_line' id='line_1_31' title="bbox 141 2331 1829 2403; baseline -0.002 -15"><span class='ocrx_word' id='word_1_201' title='bbox 141 2344 425 2403; x_wconf 77' lang='grc' dir='ltr'><strong><em>συγγενεῖς</em></strong></span> <span class='ocrx_word' id='word_1_202' title='bbox 473 2333 565 2387; x_wconf 85' lang='grc' dir='ltr'><strong><em>καὶ</em></strong></span> <span class='ocrx_word' id='word_1_203' title='bbox 615 2338 813 2403; x_wconf 87' lang='grc' dir='ltr'><strong><em>φίλους</em></strong></span> <span class='ocrx_word' id='word_1_204' title='bbox 864 2336 991 2396; x_wconf 87' lang='grc' dir='ltr'><strong><em>τοὺς</em></strong></span> <span class='ocrx_word' id='word_1_205' title='bbox 1041 2333 1392 2395; x_wconf 88' lang='grc' dir='ltr'><strong><em>ἀπολωλότας</em></strong></span> <span class='ocrx_word' id='word_1_206' title='bbox 1444 2331 1503 2384; x_wconf 84' lang='grc' dir='ltr'><strong><em>έν</em></strong></span> <span class='ocrx_word' id='word_1_207' title='bbox 1553 2340 1615 2402; x_wconf 77' lang='grc' dir='ltr'><strong><em>τῇ</em></strong></span> <span class='ocrx_word' id='word_1_208' title='bbox 1668 2334 1829 2403; x_wconf 79' lang='grc' dir='ltr'><strong><em>μάχῃ,</em></strong></span> 
     </span>
     <span class='ocr_line' id='line_1_32' title="bbox 140 2419 1821 2507; baseline -0.001 -32"><span class='ocrx_word' id='word_1_209' title='bbox 140 2424 323 2491; x_wconf 75' lang='grc'>&lt;258&gt;</span> <span class='ocrx_word' id='word_1_210' title='bbox 371 2422 520 2507; x_wconf 66' lang='grc' dir='ltr'><strong><em>ὅπως</em></strong></span> <span class='ocrx_word' id='word_1_211' title='bbox 563 2424 622 2475; x_wconf 90' lang='grc' dir='ltr'><strong><em>τὸ</em></strong></span> <span class='ocrx_word' id='word_1_212' title='bbox 673 2420 750 2474; x_wconf 78' lang='grc' dir='ltr'><strong><em>ἐπ’</em></strong></span> <span class='ocrx_word' id='word_1_213' title='bbox 800 2421 984 2483; x_wconf 86' lang='grc' dir='ltr'><strong><em>αὐτοῖς</em></strong></span> <span class='ocrx_word' id='word_1_214' title='bbox 1029 2419 1300 2489; x_wconf 90' lang='grc' dir='ltr'><strong><em>κορέσασα</em></strong></span> <span class='ocrx_word' id='word_1_215' title='bbox 1351 2422 1598 2489; x_wconf 86' lang='grc' dir='ltr'><strong><em>λυπηρὸν</em></strong></span> <span class='ocrx_word' id='word_1_216' title='bbox 1646 2420 1821 2473; x_wconf 78' lang='grc' dir='ltr'><strong><em>ἔπειθ’</em></strong></span> 
     </span>
     <span class='ocr_line' id='line_1_33' title="bbox 141 2508 1827 2579; baseline -0.002 -15"><span class='ocrx_word' id='word_1_217' title='bbox 141 2511 314 2573; x_wconf 82' lang='grc' dir='ltr'><strong><em>οὕτως</em></strong></span> <span class='ocrx_word' id='word_1_218' title='bbox 370 2508 450 2563; x_wconf 77' lang='grc' dir='ltr'><strong><em>ἐπ’</em></strong></span> <span class='ocrx_word' id='word_1_219' title='bbox 498 2511 727 2579; x_wconf 85' lang='grc' dir='ltr'><strong><em>εὐωχίας</em></strong></span> <span class='ocrx_word' id='word_1_220' title='bbox 776 2510 1039 2579; x_wconf 88' lang='grc' dir='ltr'><strong><em>τράπηται</em></strong></span> <span class='ocrx_word' id='word_1_221' title='bbox 1086 2508 1176 2561; x_wconf 84' lang='grc' dir='ltr'><strong><em>καὶ</em></strong></span> <span class='ocrx_word' id='word_1_222' title='bbox 1224 2509 1452 2577; x_wconf 89' lang='grc' dir='ltr'><strong><em>γάμους·</em></strong></span> <span class='ocrx_word' id='word_1_223' title='bbox 1509 2511 1677 2562; x_wconf 87' lang='grc' dir='ltr'><strong><em>καλὸν</em></strong></span> <span class='ocrx_word' id='word_1_224' title='bbox 1724 2511 1827 2577; x_wconf 81' lang='grc' dir='ltr'><strong><em>γὰρ</em></strong></span> 
     </span>
     <span class='ocr_line' id='line_1_34' title="bbox 140 2596 1830 2667; baseline -0.001 -15"><span class='ocrx_word' id='word_1_225' title='bbox 140 2596 283 2652; x_wconf 81' lang='grc' dir='ltr'><strong><em>εἶναι</em></strong></span> <span class='ocrx_word' id='word_1_226' title='bbox 333 2597 423 2651; x_wconf 80' lang='grc' dir='ltr'><strong><em>καὶ</em></strong></span> <span class='ocrx_word' id='word_1_227' title='bbox 472 2600 686 2652; x_wconf 89' lang='grc' dir='ltr'><strong><em>δίκαιον</em></strong></span> <span class='ocrx_word' id='word_1_228' title='bbox 736 2600 1066 2652; x_wconf 89' lang='grc' dir='ltr'><strong><em>παιδοποιὸν</em></strong></span> <span class='ocrx_word' id='word_1_229' title='bbox 1118 2598 1616 2666; x_wconf 89' lang='grc' dir='ltr'><strong><em>παραλαμβάνοντα</em></strong></span> <span class='ocrx_word' id='word_1_230' title='bbox 1663 2603 1830 2667; x_wconf 90' lang='grc' dir='ltr'><strong><em>θερα-</em></strong></span> 
     </span>
     <span class='ocr_line' id='line_1_35' title="bbox 140 2686 1829 2756; baseline -0.001 -16"><span class='ocrx_word' id='word_1_231' title='bbox 140 2689 328 2741; x_wconf 89' lang='grc' dir='ltr'><strong><em>πεύειν</em></strong></span> <span class='ocrx_word' id='word_1_232' title='bbox 369 2687 534 2755; x_wconf 84' lang='grc' dir='ltr'><strong><em>αὐτῆς</em></strong></span> <span class='ocrx_word' id='word_1_233' title='bbox 571 2690 632 2741; x_wconf 92' lang='grc' dir='ltr'><strong><em>τὸ</em></strong></span> <span class='ocrx_word' id='word_1_234' title='bbox 665 2689 958 2756; x_wconf 88' lang='grc' dir='ltr'><strong><em>βουλητόν,</em></strong></span> <span class='ocrx_word' id='word_1_235' title='bbox 999 2686 1136 2739; x_wconf 70' lang='grc' dir='ltr'><strong><em>ἀλλὰ</em></strong></span> <span class='ocrx_word' id='word_1_236' title='bbox 1176 2687 1247 2754; x_wconf 88' lang='grc' dir='ltr'><strong><em>μὴ</em></strong></span> <span class='ocrx_word' id='word_1_237' title='bbox 1289 2687 1388 2754; x_wconf 86' lang='grc' dir='ltr'><strong><em>τὴν</em></strong></span> <span class='ocrx_word' id='word_1_238' title='bbox 1431 2687 1578 2738; x_wconf 84' lang='grc' dir='ltr'><strong><em>ἰδίαν</em></strong></span> <span class='ocrx_word' id='word_1_239' title='bbox 1618 2686 1829 2755; x_wconf 83' lang='grc' dir='ltr'><strong><em>ἡδονὴν</em></strong></span> 
     </span>
    </p>

    <p class='ocr_par' dir='ltr' id='par_1_8' title="bbox 141 2801 1827 2930">
     <span class='ocr_line' id='line_1_36' title="bbox 261 2801 1827 2856; baseline -0.001 -9"><span class='ocrx_word' id='word_1_240' title='bbox 261 2807 284 2856; x_wconf 67' lang='grc' dir='ltr'>ἓ</span> <span class='ocrx_word' id='word_1_241' title='bbox 331 2808 416 2848; x_wconf 82' lang='lat'><strong><em>254</em></strong></span> <span class='ocrx_word' id='word_1_242' title='bbox 451 2825 505 2839; x_wconf 93' lang='lat'><strong><em>=</em></strong></span> <span class='ocrx_word' id='word_1_243' title='bbox 537 2802 725 2847; x_wconf 72' lang='lat' dir='ltr'>Denter.</span> <span class='ocrx_word' id='word_1_244' title='bbox 767 2803 895 2846; x_wconf 73' lang='lat' dir='ltr'><strong><em>XXV</em></strong></span> <span class='ocrx_word' id='word_1_245' title='bbox 937 2808 975 2846; x_wconf 83' lang='lat'><strong><em>5.</em></strong></span> <span class='ocrx_word' id='word_1_246' title='bbox 1160 2806 1183 2855; x_wconf 66' lang='grc' dir='ltr'>ἓ</span> <span class='ocrx_word' id='word_1_247' title='bbox 1218 2806 1302 2845; x_wconf 81' lang='grc'><strong><em>255</em></strong></span> <span class='ocrx_word' id='word_1_248' title='bbox 1331 2823 1384 2838; x_wconf 91' lang='lat'><strong><em>=</em></strong></span> <span class='ocrx_word' id='word_1_249' title='bbox 1410 2801 1593 2845; x_wconf 78' lang='lat' dir='ltr'>Denter.</span> <span class='ocrx_word' id='word_1_250' title='bbox 1628 2801 1755 2845; x_wconf 85' lang='lat' dir='ltr'><strong><em>XXV</em></strong></span> <span class='ocrx_word' id='word_1_251' title='bbox 1790 2808 1827 2846; x_wconf 84' lang='grc'><strong><em>7.</em></strong></span> 
     </span>
     <span class='ocr_line' id='line_1_37' title="bbox 141 2876 819 2930; baseline 0 -10"><span class='ocrx_word' id='word_1_252' title='bbox 141 2881 164 2930; x_wconf 67' lang='grc' dir='ltr'>ἓ</span> <span class='ocrx_word' id='word_1_253' title='bbox 197 2880 282 2921; x_wconf 83' lang='grc'><strong><em>257</em></strong></span> <span class='ocrx_word' id='word_1_254' title='bbox 311 2899 366 2913; x_wconf 90' lang='lat'><strong><em>=</em></strong></span> <span class='ocrx_word' id='word_1_255' title='bbox 390 2876 576 2920; x_wconf 81' lang='lat' dir='ltr'>Dent-er.</span> <span class='ocrx_word' id='word_1_256' title='bbox 612 2876 717 2919; x_wconf 86' lang='lat' dir='ltr'><strong><em>XXI</em></strong></span> <span class='ocrx_word' id='word_1_257' title='bbox 752 2882 819 2921; x_wconf 88' lang='lat'><strong><em>10.</em></strong></span> 
     </span>
    </p>
   </div>
  </div>
 </body>
</html>
