1975 3111
848 88 1058 130 HRQTH
1729 91 1793 142 17

109 221 211 274 ὅσα
249 224 518 291 πρότερον
559 224 692 285 ἔζων
732 219 851 274 ἀλλ’
900 220 1092 275 ἑκατὸν
1132 228 1357 291 εἴκοσιν,
1399 226 1476 287 εἰς
1513 226 1796 279 θάλατταν

108 311 209 378 τὴν
248 311 475 378 ἤπειρον
515 308 788 378 μετέβαλε.
853 311 994 377 <76>
1029 309 1118 362 καὶ
1159 314 1215 363 οἳ
1250 309 1350 379 μὲν
1390 312 1562 375 οὕτως
1601 312 1797 382 ἀφανί-

111 401 292 461 ζονται
330 398 553 465 πάντες,
600 399 792 460 Νώεος
841 395 902 450 δὲ
950 400 1177 462 σώζεται·
1212 403 1404 468 μόνος,
1443 400 1795 470 ὑποθεμένου

110 488 358 556 μηχανὴν
414 486 560 558 αὐτῷ
618 485 708 538 καὶ
762 489 937 554 πόρον
984 490 1120 555 πρὸς
1172 492 1446 557 σωτηρίαν
1505 498 1602 543 τοῦ
1657 496 1797 544 θεοῦ

69 576 383 644 ὅτοιαύτην.
461 575 602 642 GU>
658 576 900 643 λάρνακα
962 576 1319 644 τετράστεγον
1374 579 1797 646 κατασκευάσας,

108 666 326 732 πήχεων
359 665 418 716 τὸ
453 684 489 732 μ
529 683 621 726 κος
653 667 1000 732 τριακοσίων,
1040 669 1377 734 πεντήκοντα
1411 664 1471 719 δὲ
1504 669 1563 720 τὸ
1596 667 1798 728 πλάτος

109 750 197 803 καὶ
238 751 528 819 τριάκοντα
567 754 628 804 τὸ
669 752 870 820 βάθος,
919 754 995 815 εἰς
1034 755 1236 822 ταύτην
1291 756 1394 807 σύν
1435 774 1490 807 τε
1531 763 1594 824 τῇ
1636 753 1798 823 μητρὶ

109 849 218 892 τῶν
265 841 478 892 παίδων
534 839 623 892 καὶ
671 849 786 902 ταῖς
833 842 1044 894 τούτων
1092 842 1342 908 γυναιξὶν
1392 843 1579 912 ἐνέβη,
1634 844 1698 895 τά
1739 840 1791 896 τ’

110 930 248 981 ἄλλα
281 928 382 980 ὅσα
413 931 548 997 πρὸς
579 930 672 991 τὰς
711 932 892 998 χρείας
932 930 1116 992 αὐτοῖς
1158 930 1540 1001 ἐπικουρήσειν
1581 935 1799 1000 ἔμελλεν

46 1039 86 1072 10
112 1014 425 1085 ἐνθέμενος,
460 1018 566 1088 ζῷά
598 1037 653 1070 τε
686 1027 917 1071 παντοῖα
949 1020 1084 1087 πρὸς
1118 1020 1440 1089 διατήρησιν
1473 1030 1571 1074 τοῦ
1605 1019 1801 1089 γένους

111 1106 320 1173 αὐτῶν,
367 1106 584 1175 ἄρρενά
609 1126 666 1158 τε
705 1104 795 1158 καὶ
834 1109 1036 1174 θήλεα,
1085 1112 1614 1178 συνεισβαλόμενος,
1663 1111 1800 1162 ἄλλα

111 1214 166 1247 τε
206 1195 416 1247 τούτων
458 1192 862 1247 ἑπταπλασίονα
909 1197 1005 1248 τὸν
1045 1195 1303 1265 ἀριθμόν.
1381 1199 1522 1266 <78>
1562 1195 1630 1266 ἦν
1672 1196 1721 1250 δ’
1773 1198 1800 1266 ἡ

112 1282 315 1353 λάρναξ
356 1283 484 1345 τούς
515 1303 571 1335 τε
604 1286 820 1352 τοίχους
860 1286 1094 1352 καρτερὰ
1134 1284 1223 1337 καὶ
1264 1294 1377 1348 τοῖς
1418 1285 1610 1355 ἁρμοῖς
1652 1289 1802 1356 ι’σχυ-

113 1379 221 1439 ρῶς
269 1369 594 1438 ἐνδεδεμένη
645 1369 734 1423 καὶ
782 1373 877 1424 τὸν
926 1373 1162 1440 ὄροφον,
1211 1373 1282 1435 ὡς
1322 1375 1648 1443 μηδαμόθεν
1690 1375 1802 1428 ἐπι-

47 1480 88 1513 15
112 1459 407 1522 κλύζεσθαι
447 1456 574 1526 μηδ’
622 1459 889 1527 ἡττᾶσθαι
928 1468 1020 1527 τῆς
1059 1470 1156 1513 τοῦ
1199 1461 1397 1524 ὕδατος
1435 1465 1570 1531 βίας.
1643 1462 1732 1516 καὶ
1774 1464 1801 1517 ὁ

112 1549 306 1610 Νώεος
344 1567 443 1616 μεν
485 1547 626 1600 οὕτω
667 1567 798 1616 μετα
837 1557 947 1600 τῶν
998 1550 1214 1601 οι’κείων
1256 1551 1596 1615 διασώζεται·
1660 1552 1802 1618 <79>

112 1633 182 1704 ἧν
223 1633 481 1698 δἀὐτὸς
521 1656 620 1704 μεν
661 1634 751 1688 ἀπ’
794 1633 1032 1705 Ἀδάμου
1083 1636 1318 1701 δέκατος.
1397 1639 1656 1710 Λαμέχου
1699 1640 1801 1709 γάρ

115 1724 263 1777 ἐστιν
310 1725 462 1792 υἱός,
518 1721 584 1778 οὗ
639 1726 814 1794 πατὴρ
862 1730 932 1792 ην
971 1727 1377 1790 ΝΙαθουσάλας·
1427 1725 1587 1791 οὗτος
1637 1726 1686 1781 δ’
1734 1734 1803 1796 ην

114 1822 212 1866 τοῦ
257 1811 499 1882 Ἀνώχου
559 1821 657 1865 τοῦ
708 1810 980 1881 Ἰαρέδου·
1045 1817 1390 1884 Μαλουήλου
1456 1814 1516 1869 δε
1565 1814 1806 1886 Ἰαρέδης

49 1923 92 1955 20
116 1901 377 1969 ἐγεγόνει,
418 1900 476 1962 ὃς
501 1899 559 1952 ἐκ
584 1903 765 1952 Καϊνᾶ
796 1910 1080 1954 τεκνοῦται
1113 1912 1212 1957 τοῦ
1233 1902 1475 1958 Ἐνώσου
1510 1908 1614 1957 σὺν
1648 1905 1806 1958 ἀδελ-

115 2001 243 2060 φαῖς
273 1993 543 2044 πλείοσιν·
575 1988 816 2053 ’Ένωσος
849 1988 909 2044 δὲ
934 1995 1134 2060 Σήθου
1167 1994 1286 2056 υίὸς
1318 1991 1387 2062 ἦν
1412 2003 1511 2048 τοῦ
1546 1992 1803 2064 Ἀδάμου.

117 2080 259 2147 <8Ο>
300 2077 503 2147 συνέβη
546 2075 605 2130 δὲ
646 2087 807 2132 τοῦτο
840 2081 900 2132 τὸ
933 2081 1112 2142 πάθος
1150 2083 1286 2134 κατὰ
1318 2085 1377 2136 τὸ
1419 2081 1805 2146 ἑξακοσιοστὸν

117 2170 234 2229 ἔτος
263 2169 367 2236 ἤδη
394 2165 594 2220 Νωέου
628 2176 721 2235 τῆς
755 2167 940 2237 ἀρχῆς,
983 2169 1042 2221 ἐν
1075 2169 1205 2237 μηνὶ
1248 2170 1503 2244 δευτέρῳ,
1545 2176 1665 2245 Δίῳ
1707 2170 1807 2240 μὲν

115 2255 224 2309 ὑπὸ
248 2257 597 2308 Μακεδόνων
621 2253 918 2328 λεγομένω,
943 2258 1290 2328 ὦΜαρσουάνῃ
1318 2255 1377 2311 δὲ
1395 2257 1489 2328 ὑφ’
1514 2258 1805 2329 Ἑβραίων·

52 2361 95 2394 25
119 2344 261 2398 οὕτω
294 2345 397 2413 γὰρ
429 2342 489 2396 ἐν
513 2344 775 2415 Αἰγύπτῳ
808 2346 905 2397 τὸν
947 2344 1200 2399 ἐνιαυτὸν
1239 2343 1381 2414 ἦσαν
1422 2349 1807 2418 διατεταχότες.

120 2434 263 2501 <81>
304 2435 553 2500 Μωυσῆς
592 2428 653 2484 δὲ
691 2434 789 2485 τὸν
827 2434 1031 2501 Νισάν,
1072 2434 1131 2496 ὅς
1172 2434 1286 2487 ἐστι
1327 2436 1622 2504 Ξανθικός,
1663 2446 1808 2506 μῆνα

118 2530 336 2590 πρῶτον
377 2519 464 2573 ἐπὶ
503 2529 618 2582 ταῖς
658 2518 869 2588 ἑορταῖς
908 2522 1091 2590 ὥρισε,
1130 2525 1264 2575 κατὰ
1304 2532 1501 2577 τοῦτον
1542 2523 1594 2588 ἐξ
1636 2526 1809 2593 Αίγύυ

119 2627 257 2663 πτου
304 2611 433 2671 τοὺς
470 2606 759 2677 Ἑβραίους
805 2612 1152 2678 προαγαγών.
1217 2608 1376 2674 οὗτος
1426 2609 1476 2664 δ’
1523 2613 1669 2684 αὐτῷ
1719 2612 1810 2666 καὶ

120 2699 255 2767 πρὸς
296 2696 505 2758 ἁπάσας
543 2696 637 2757 τὰς
668 2695 746 2757 εἰς
777 2697 837 2749 τὸ
870 2702 1032 2751 θεῖον
1070 2700 1226 2768 τιμὰς
1265 2696 1452 2769 ἦρχεν·
1495 2699 1582 2753 ἐπὶ
1623 2699 1810 2770 μέντοι

56 2803 100 2835 30
123 2806 183 2854 γε
237 2786 462 2855 πράσεις
510 2782 601 2837 καὶ
661 2784 803 2846 ὠνὰς
856 2784 946 2838 καὶ
999 2789 1101 2855 τὴν
1155 2789 1329 2856 ἄλλην
1385 2790 1658 2858 διοίκησιν
1713 2792 1812 2843 τὸν

243 2891 267 2940 ξ
301 2892 356 2931 76
383 2908 438 2922 =
463 2884 573 2929 Gen.
609 2884 672 2927 VI
706 2889 773 2928 13.

215 2969 425 3001 Iosm‘mxs.
449 2968 478 2999 Ι.
1429 2969 1454 3007 2
