2052 3141
898 71 1174 113 AETTEPA
1808 69 1878 121 99

188 217 364 279 πωρεῖ
399 207 492 260 διὰ
531 213 624 275 τῆς
663 205 751 259 ἐπὶ
786 203 1029 278 Ἰωσήπῳ
1069 206 1242 273 λύπης
1283 201 1738 272 ἐπιδεδειγμένος,
1779 203 1880 256 οὐκ

188 297 257 350 ἂν
297 305 396 350 τοῦ
434 315 495 364 γε
534 293 661 348 καθ’
708 294 847 363 ἡμᾶς
887 293 1044 347 ἕνεκα
1075 292 1200 363 περὶ
1240 300 1333 361 τῆς
1373 295 1641 361 σωτηρίας
1682 295 1881 359 λόγους

190 385 555 454 ἐποιησάμην,
596 385 646 436 εἰ
683 385 755 452 μὴ
789 383 922 436 ὅσον
962 390 1036 454 τῷ
1081 389 1157 454 σῷ
1199 373 1551 451 χαριζόμενος
1590 382 1736 448 ἤθει,
1778 382 1881 433 σώ-

191 477 301 538 ζειν
341 474 485 545 αὐτῷ
527 477 704 535 καλῶς
753 474 880 541 ἔχον
921 469 1010 524 καὶ
1050 473 1176 533 τοὺς
1216 473 1274 523 οἳ
1308 473 1646 538 λυπήσονται
1685 474 1882 537 τεθνη-

144 565 366 615 5κότων
413 562 513 615 οὐκ
561 563 811 631 ἔχοντας,
859 562 1189 630 παρείχομεν
1238 556 1286 611 δ’
1334 558 1402 610 ἂν
1452 558 1653 619 αὑτοὺς
1699 572 1882 610 πεισο-

189 649 389 719 μένους
441 650 469 702 ὅ
520 670 571 702 τι
626 648 715 702 καὶ
769 651 1074 716 θελήσειας.
1154 648 1335 716 <148>
1385 655 1488 700 νῦν
1541 644 1616 714 δ’,
1664 646 1730 699 οὐ
1779 647 1881 715 γὰρ

191 737 418 801 ἑαυτοὺς
451 738 749 806 ἐλεοῦντες,
790 739 840 790 εἰ
869 736 958 789 καὶ
991 735 1109 789 νεόι
1140 734 1231 788 καὶ
1264 738 1422 804 μήπω
1464 744 1573 787 τῶν
1614 736 1747 787 κατὰ
1786 737 1883 787 τὸν

188 830 314 895 βίον
361 826 790 889 ἀπολελαυκότες
840 825 1258 894 τεθνηξόμεθα,
1313 826 1373 877 τὸ
1423 821 1483 876 δὲ
1535 832 1632 877 τοῦ
1681 825 1884 892 πατρὸς

189 917 532 983 λογιζόμενοι
594 913 685 967 καὶ
747 917 806 968 τὸ
870 922 1040 983 γῆρας
1102 915 1462 982 οἰκτείροντες
1525 915 1585 965 τὸ
1649 911 1884 980 ἐκείνου,

125 1020 166 1051 10
189 1004 387 1066 ταύτας
420 1018 508 1056 σοι
539 1004 634 1066 τὰς
667 1004 878 1071 δεήσεις
909 1001 1313 1072 προσφέρομεν,
1346 999 1436 1053 καὶ
1468 1001 1884 1070 παραιτούμεθα

188 1093 366 1162 ψυχὰς
418 1093 511 1155 τὰς
558 1090 801 1160 ἑαυτῶν,
853 1092 916 1154 ἅς
967 1105 1054 1144 σοι
1102 1093 1162 1143 τὸ
1216 1088 1480 1158 ἡμέτερον
1528 1090 1884 1157 κακούργημα

188 1183 324 1249 πρὸς
355 1183 623 1250 τιμωρίαν
654 1177 1001 1250 παρέδωκεν·
1043 1179 1224 1246 <149>
1259 1178 1317 1241 ὃς
1350 1179 1474 1231 οὔτε
1507 1179 1748 1247 πονηρὸς
1788 1177 1883 1228 αὐ·-

190 1271 280 1330 τὸς
313 1269 439 1321 οὔτε
472 1270 756 1331 τοιούτους
800 1266 1096 1337 ἐσομένους
1129 1266 1443 1334 ἐγέννησεν,
1484 1265 1620 1318 ἀλλὰ
1654 1267 1884 1335 χρηστὸς

192 1357 269 1410 ὢν
302 1356 391 1409 καὶ
422 1363 756 1427 πειραθῆναι
788 1358 1055 1410 τοιούτων
1089 1354 1213 1425 οὐχὶ
1247 1357 1475 1422 δίκαιος,
1515 1353 1605 1407 καὶ
1636 1362 1742 1407 νῦν
1783 1351 1884 1421 μὲν

125 1462 166 1494 15
191 1445 627 1514 ἀποδημούντων
683 1454 798 1508 ταῖς
852 1442 990 1512 ὑπὲρ
1044 1445 1199 1513 ἡμῶν
1254 1446 1511 1513 φροντίσι
1559 1447 1884 1509 κακοπαθεῖ,

189 1537 508 1602 πυθόμενος
541 1531 589 1586 δ’
630 1533 1000 1600 ἀπολωλότας,
1040 1531 1130 1585 καὶ
1164 1530 1235 1585 δι’
1282 1532 1350 1600 ἣν
1384 1534 1577 1601 αἰτίαν,
1619 1531 1718 1600 οὐχ
1751 1530 1885 1583 ὑπο-

190 1631 347 1691 μενεῖ
358 1639 368 1651 ·
416 1623 596 1690 <15Ο>
640 1624 730 1675 διὰ
778 1623 882 1691 γὰρ
932 1623 1138 1690 ταύτην
1188 1624 1330 1674 πολὺ
1372 1625 1581 1689 μᾶλλον
1622 1622 1719 1673 τὸν
1759 1622 1884 1688 βίον

189 1713 528 1779 καταλείψει,
576 1709 666 1763 καὶ
712 1713 771 1764 τὸ
821 1710 1023 1774 ἄδοξον
1072 1710 1240 1763 αὐτὸν
1292 1718 1385 1778 τῆς
1425 1708 1687 1779 ἡμετέρας
1725 1729 1885 1761 κατα-

191 1807 431 1869 στροφῆς
494 1802 766 1868 φθήσεται
838 1799 1281 1869 διαχρησάμενον
1351 1796 1440 1850 καὶ
1502 1799 1674 1866 κακὴν
1738 1798 1884 1868 αὐτῷ

123 1905 166 1936 20
189 1890 406 1956 ποιήσει
453 1888 553 1956 τὴν
602 1887 661 1940 ἐκ
708 1896 807 1941 τοῦ
858 1890 950 1955 ζῆν
991 1887 1345 1954 ἀπαλλαγήν,
1397 1885 1528 1956 πρὶν
1569 1888 1646 1948 εἰς
1684 1887 1886 1948 ἄλλους

188 1984 446 2045 φοιτῆσαι
494 1977 558 2028 τὰ
606 1974 732 2028 καθ’
780 1976 950 2045 ἡμᾶς,
1000 1977 1339 2036 σπεύσαντος
1379 1973 1576 2028 ἑαυτὸν
1617 1976 1693 2037 εἰς
1733 1972 1887 2027 ἀναι-

189 2068 431 2133 σθησιάν
478 2074 819 2134 μεταγαγεῖν.
899 2065 1080 2132 <151>
1123 2067 1418 2132 γενόμενος
1466 2059 1569 2116 οὗν
1610 2063 1670 2116 ἐν
1709 2065 1886 2135 τούτῳ

187 2155 285 2207 τὸν
319 2156 604 2222 λογισμόν,
643 2155 694 2206 εἰ
723 2152 813 2205 καὶ
845 2154 877 2221 ἡ
912 2156 1073 2206 κακία
1107 2167 1164 2205 σε
1204 2151 1500 2222 παροξύνει
1539 2160 1644 2205 νῦν
1684 2152 1716 2219 ἡ
1757 2152 1885 2220 ἡμε-

188 2239 336 2311 τέρα,
375 2240 464 2294 καὶ
496 2244 557 2295 τὸ
589 2240 705 2294 κατ’
745 2242 911 2310 αὐτῆς
944 2244 1160 2295 δίκαιον
1200 2241 1419 2310 χάρισαι
1458 2247 1531 2311 τῷ
1573 2243 1755 2310 πατρί,
1794 2238 1886 2292 καὶ

124 2343 166 2376 25
192 2331 488 2398 δυνηθήτω
543 2328 712 2384 πλέον
761 2331 789 2383 ὁ
837 2333 974 2400 πρὸς
1023 2331 1236 2383 ἐκεῖνον
1286 2332 1434 2391 ἕλεος
1486 2337 1578 2397 τῆς
1625 2327 1886 2399 ἡμετέρας

189 2421 477 2488 πονηρίας·
511 2417 601 2471 καὶ
626 2427 795 2488 γῆρας
821 2419 880 2472 ἐν
907 2419 1103 2491 ἐρημίᾳ
1126 2422 1470 2487 βιωσόμενον
1503 2416 1593 2470 καὶ
1624 2416 1884 2485 τεθνηξό-

190 2526 361 2576 μενον
390 2507 546 2575 ἡμῶν
579 2506 936 2576 ἀπολομένων
977 2510 1210 2577 αἴδεσαι,
1250 2515 1323 2579 τῷ
1363 2505 1613 2576 πατέρων
1654 2506 1882 2574 ὀνόματι

190 2596 394 2663 ταύτην
425 2598 778 2664 χαριζόμενος
810 2598 909 2664 τὴν
943 2596 1173 2665 δωρεάν.
1253 2596 1433 2663 <152>
1469 2594 1528 2647 ἐν
1561 2595 1664 2664 γὰρ
1706 2596 1881 2667 τούτῳ

190 2682 280 2736 καὶ
319 2685 416 2737 τὸν
449 2680 509 2736 σὲ
540 2684 793 2753 φύσαντα
825 2692 984 2756 τιμᾷς
1014 2683 1104 2737 καὶ
1137 2692 1318 2755 σαυτῷ
1361 2685 1547 2750 δίδως,
1587 2682 1882 2736 ἀπολαύων

122 2785 166 2817 30
190 2769 290 2840 μὲν
330 2773 436 2840 ἤδη
477 2780 571 2840 τῆς
608 2775 1008 2843 προσηγορίας,
1047 2772 1266 2840 ἀπαθὴς
1306 2769 1354 2824 δ’
1403 2770 1484 2824 ἐπ’
1532 2771 1666 2841 αὐτῇ
1707 2776 1882 2841 φυλα-

309 2877 333 2926 §
368 2877 449 2916 147
479 2895 533 2909 =
560 2872 670 2916 Gen.
704 2873 848 2917 XLIV
881 2879 950 2918 30.

1552 2949 1610 2993 7*
