2052 3141
203 47 230 97 1
239 46 312 99 50
817 48 1268 89 ΑΡΧΑΙΟΑΟΓΙΑΣ

203 179 250 234 ‹3’
300 180 485 243 αὐτοῖς
533 180 632 233 οὐκ
680 181 757 242 εἰς
795 182 856 234 τὸ
896 183 1072 251 παρὸν
1124 183 1324 248 μόνον,
1372 179 1508 232 ἀλλὰ
1548 178 1638 232 καὶ
1677 182 1754 242 εἰς
1793 183 1888 233 τὸν

203 265 369 331 αὖθις
400 271 592 337 αἰῶνα,
632 278 742 321 τῶν
776 268 1003 336 ἀγαθῶν
1044 271 1188 321 αι’τιά
1226 274 1646 337 κατορθωθεῖσα
1683 269 1715 336 ἡ
1756 286 1888 337 προ-

201 355 460 425 ειρημένη
517 357 680 426 μάχη·
738 357 804 410 οὐ
852 358 954 425 γὰρ
1009 358 1074 409 τὰ
1123 359 1342 425 σώματα
1393 359 1566 424 μόνον
1617 366 1725 408 τῶν
1776 355 1887 409 ἐπι-

203 444 651 514 στρατευσάντων
709 445 1026 498 ἐδούλωσαν
1087 445 1224 498 ἀλλὰ
1286 443 1375 497 καὶ
1429 446 1494 496 τα
1547 447 1889 513 φρονήματα,

201 531 292 584 καὶ
323 542 438 595 τοῖς
469 537 767 602 περιοίκοις
797 536 964 586 ἅπασι
997 535 1129 602 μετὰ
1168 536 1267 602 τὴν
1309 533 1533 586 ἐκείνων
1572 529 1738 601 ἧτταν
1779 533 1891 601 ἐγέ-

201 640 367 674 νοντο
423 625 667 691 φοβεροί.
747 622 907 675 αὐτοί
956 642 1011 674 τε
1067 624 1311 675 πλούτου
1359 622 1599 690 μεγάλου
1652 623 1891 690 δύναμιν

201 707 571 778 προσέλαβον·
614 711 759 778 <57>
791 713 962 773 πολὺς
994 708 1094 779 μὲν
1127 712 1229 778 γὰρ
1263 712 1501 779 ἄργυρός
1540 729 1594 761 τε
1635 708 1723 762 καὶ
1763 730 1891 779 χρυ-

204 800 298 860 σὸς
338 797 715 868 ἐγκατελήφθη
758 799 817 852 ἐν
856 807 929 871 τῷ
973 798 1341 871 στρατοπέδῳ,
1385 797 1473 850 καὶ
1515 799 1678 866 σκεύη
1720 802 1891 867 χαλκᾶ

203 880 284 948 οἷς
325 885 561 955 ἐχρῶντο
602 887 726 958 περὶ
759 890 859 956 τὴν
893 890 1127 956 ὁιάιταν,
1167 890 1308 941 πολὺ
1351 885 1403 939 δ’
1452 887 1718 955 ἐπίσημον
1757 891 1890 953 πλῆ-

200 980 304 1037 θος
352 973 654 1045 ἑκατέρων,
711 978 811 1029 ὅσα
866 997 920 1029 τε
976 977 1193 1045 ὑφαντὰ
1239 975 1326 1028 καὶ
1376 979 1570 1044 κόσμοι
1617 973 1739 1043 περὶ
1797 975 1890 1036 τὰς

202 1064 469 1131 ὁπλίσεις,
520 1065 553 1131 ἥ
593 1062 637 1116 τ’
686 1065 821 1132 ἄλλη
862 1067 1130 1133 θεραπεία
1169 1062 1253 1116 καὶ
1298 1065 1602 1131 κατασκευὴ
1645 1062 1888 1130 ἐκείνων,

202 1155 320 1204 λεία
366 1171 421 1203 τε
468 1155 699 1205 παντοιά
747 1162 988 1220 κτηνῶν,
1035 1151 1125 1204 καὶ
1177 1153 1278 1204 ὅσα
1317 1157 1468 1219 φιλεῖ
1506 1149 1890 1219 στρατοπέὁοις

203 1239 565 1302 ἐξωδευκόσιν
622 1239 865 1291 ἕπεσθαι.
945 1241 1086 1307 <58>
1138 1242 1487 1308 φρονήματός
1542 1258 1595 1290 τε
1652 1238 1889 1306 ὑπεπλή-

204 1334 421 1395 σθησαν
469 1325 549 1379 ἐπ’
598 1326 826 1397 ἀνδρεία
864 1325 1136 1395 Ἑβραῖοι,
1184 1327 1269 1379 καὶ
1320 1329 1493 1394 πολλὴ
1543 1330 1890 1395 μεταποίησις

203 1416 395 1485 ἀρετῆς
434 1412 503 1483 ἦν
537 1415 742 1477 αὐτοῖς·
783 1418 919 1482 πρός
951 1435 1004 1467 τε
1047 1423 1119 1486 τῷ
1162 1425 1353 1468 πονεῖν
1397 1412 1532 1482 ἦσαν
1575 1415 1675 1483 ἀεί,
1716 1417 1888 1486 τούτω

202 1505 378 1557 πάντα
419 1504 592 1572 ληπτὰ
632 1506 944 1571 νομίζοντες
984 1500 1140 1555 εἶναι.

317 1594 460 1660 <ξ>9>
502 1590 590 1644 καὶ
647 1593 842 1659 ταύτης
892 1588 990 1659 μὲν
1043 1599 1134 1659 τῆς
1180 1592 1350 1661 μάχης
1399 1600 1557 1644 τοῦτο
1600 1594 1658 1644 τὸ
1699 1591 1887 1659 πέρας·

204 1689 267 1749 τῇ
311 1679 358 1733 ‹3'
407 1681 665 1750 ὑστεραίᾳ
705 1683 951 1747 ἰῑῙωυσῆς
992 1681 1220 1746 νεκρούς
1259 1679 1301 1732 τ’
1350 1680 1606 1732 ἐσκύλευε
1649 1690 1756 1732 τῶν
1795 1700 1891 1732 πο-

205 1772 408 1837 λεμίων
448 1766 536 1819 καὶ
578 1769 670 1830 τὰς
709 1771 1034 1837 παντευχίας
1073 1778 1181 1820 τῶν
1219 1772 1539 1836 φευγόντων
1581 1768 1890 1835 συνέλεγεν,

206 1858 493 1925 ἀριστεῦσί
526 1876 580 1908 τε
622 1858 777 1924 τιμὰς
817 1856 1034 1916 ε’ὁίὸου,
1074 1855 1161 1908 καὶ
1204 1859 1298 1910 τὸν
1340 1860 1641 1925 στρατηγὸν
1676 1856 1890 1925 Ἰησοῦν

206 1946 554 2013 ἐνεκωμίαζε,
595 1946 1047 2012 μαρτυρούμενον
1088 1943 1173 2013 ἐφ’
1222 1938 1302 2006 οἷς
1344 1947 1570 2011 ἔπραξεν
1614 1946 1716 1997 ὑπὸ
1757 1964 1890 1996 παν-

203 2036 294 2096 τὸς
345 2042 443 2086 τοῦ
500 2042 748 2101 στρατοῦ.
826 2032 1066 2085 ἀπέθανε
1121 2031 1167 2084 ὁ’
1215 2031 1486 2100 Ἑβραίων
1538 2030 1637 2101 μὲν
1690 2033 1890 2093 οὐὸείς,

205 2132 313 2174 τῶν
355 2118 413 2173 δὲ
454 2125 731 2189 πολεμίων
771 2122 935 2183 ὅσους
976 2119 1095 2174 οὐὸ’
1143 2120 1360 2192 ἀριθμῷ
1405 2131 1608 2188 γνῶναι
1653 2123 1889 2173 ὁυνατὸν

205 2207 289 2277 ἦν.
355 2212 497 2277 (60)
524 2211 702 2272 θύσας
727 2207 786 2262 ὁὲ
813 2213 1131 2279 χαριστήρια
1157 2213 1345 2277 βωμὸν
1374 2211 1635 2276 ἱδρύεται,
1680 2218 1890 2261 νικαῖον

208 2298 485 2365 ὀνομάσας
531 2299 626 2350 τὸν
672 2301 837 2363 θεόν,
885 2297 1235 2366 προυφητευέ
1281 2317 1331 2349 τε
1372 2301 1725 2366 πανωλεθρία
1767 2299 1933 2357 mig:

198 2384 557 2454 Ἀμαληκίτας
604 2385 1016 2454 ἀπολουμεί.ὀυς
1063 2385 1147 2438 καὶ
1200 2385 1407 2454 μηὸἐνα
1457 2386 1637 2438 αὐτῶν
1678 2385 1892 2436 ὑπολει-

208 2476 569 2541 φθησόμενον
610 2476 686 2536 είς
735 2471 899 2536 αὖθις
940 2476 1030 2527 dcc}
1072 2477 1130 2527 τὸ
1164 2473 1437 2542 (Εβραίοις
1478 2473 1891 2539 ἐπιστρατεύσα-

210 2568 362 2627 σθαι,
403 2560 490 2613 καὶ
524 2561 671 2614 ταῦτ’
712 2562 771 2615 ἐν
806 2563 986 2634 ἐρήμῳ
1020 2582 1072 2614 τε
1109 2569 1173 2630 γῇ
1209 2561 1292 2613 καὶ
1343 2559 1893 2628 ταλαιπωρουμένοις,

203 2652 304 2700 τόν
346 2669 398 2701 τε
443 2652 674 2717 στρατὸν
718 2651 969 2718 εὐωχίαις
1009 2650 1402 2717 ἀνελάμβανεν.

321 2738 464 2803 (nl)
506 2737 593 2789 καὶ
643 2740 845 2805 ταύτην
893 2735 992 2805 μὲν
1034 2740 1130 2806 τὴν
1179 2739 1357 2806 μάχην
1404 2738 1622 2802 πρώτην
1662 2734 1890 2803 μαχεσά·

350 2842 381 2893 ,ἓ
416 2843 469 2880 5ss
498 2859 550 2873 =
579 2838 720 2881 lcxod.
755 2839 876 2880 xm
918 2846 982 2882 13.

1916 991 1956 1022 10

1917 1432 1956 1462 15

1917 1873 1957 1902 20

1919 2749 1960 2777 :³0
