2052 3141
879 49 1153 90 ΤΕΤΑΡΤΗ
1749 49 1853 100 241

169 187 258 236 λιν
297 184 394 236 τὸν
439 183 584 235 νεὼν
630 180 746 251 τρὶς
793 191 891 236 τοῦ
944 184 1099 245 ἔτους
1139 183 1195 235 οἱ
1231 181 1289 235 ἐκ
1327 191 1436 235 τῶν
1476 183 1726 251 περάτων
1766 191 1858 251 τῆς

170 279 268 340 γῆς
304 266 368 338 ἧς
407 270 476 323 ἂν
508 268 754 340 Ἑβραῖοι
806 280 1106 340 κρατῶσιν,
1155 271 1302 334 ὅπως
1340 278 1413 342 τῷ
1452 276 1566 343 θεῷ
1608 281 1717 324 τῶν
1757 269 1857 340 μὲν

167 357 535 429 ὑπηργμένων
576 358 937 428 εὐχαριστῶσι
984 357 1073 411 καὶ
1120 358 1243 428 περὶ
1291 368 1400 412 τῶν
1441 362 1517 422 εἰς
1555 361 1615 413 τὸ
1656 358 1858 428 μέλλον

170 451 548 516 παρακαλῶσι,
587 445 678 500 καὶ
719 449 981 510 συνόντες
1020 447 1279 516 ἀλλήλοις
1317 447 1407 500 καὶ
1448 450 1859 518 συνευωχούμε-

124 551 144 585 5
169 555 256 588 νοι
289 540 611 605 προσφιλεῖς
643 531 758 588 ὦσι.
836 536 1018 605 <204>
1050 539 1220 590 καλὸν
1260 538 1362 605 γὰρ
1403 533 1543 590 εἶναι
1584 539 1655 606 μὴ
1697 536 1860 605 ἀγνο-

169 633 252 676 εῖν
308 623 610 693 ἀλλήλους,
673 625 990 694 ὁμοφύλους
1036 622 1081 677 τ’
1135 627 1294 687 ὄντας
1355 624 1443 678 καὶ
1506 635 1614 678 τῶν
1679 626 1860 679 αὐτῶν

169 721 577 776 κοινωνοῦντας
622 712 1081 782 ἐπιτηδευμάτων.
1172 723 1334 767 τοῦτο
1385 712 1437 766 δ’
1497 714 1554 767 ἐκ
1612 712 1713 782 μὲν
1768 723 1861 784 τῆς

170 800 336 869 αὐτῆς
397 801 664 870 ἐπιμιξίας
731 801 914 864 αὐτοῖς
975 802 1268 872 ὑπάρξειν,
1342 810 1404 872 τῇ
1469 801 1514 855 τ’
1586 805 1708 866 ὄψει
1772 802 1860 856 καὶ

167 895 231 956 τῇ
290 888 476 960 ὁμιλίᾳ
540 892 761 958 μνήμην
823 890 1006 943 αὐτῶν
1070 889 1411 953 ἐντιθέντας·
1476 890 1862 960 ἀνεπιμίκτους

104 994 145 1025 10
169 976 272 1045 γὰρ
324 975 583 1045 ἀλλήλοις
636 977 901 1046 μένοντας
949 978 1415 1046 ἀλλοτριωτάτους
1470 979 1655 1042 αὑτοῖς
1708 1000 1862 1048 νομι-

170 1067 501 1132 σθήσεσθαι.

254 1153 463 1222 (205)
503 1156 637 1207 ἔστω
680 1152 739 1207 δὲ
779 1153 869 1207 καὶ
911 1155 1136 1223 δεκάτης
1183 1164 1292 1207 τῶν
1331 1165 1556 1223 καρπῶν
1598 1155 1862 1224 ἐξαίρεσις
1897 1166 1921 1204 8

170 1241 331 1310 ὑμῖν,
378 1240 544 1312 χωρὶς
595 1238 658 1310 ἧς
699 1241 914 1306 διέταξα
954 1253 1068 1306 τοῖς
1110 1243 1315 1313 ἱερεῦσι
1353 1241 1445 1295 καὶ
1485 1247 1742 1306 Λευίταις
1783 1247 1863 1297 δί-

172 1332 395 1399 δοσθαι,
435 1331 467 1399 ἣ
500 1330 896 1401 πιπρασκέσθω
929 1329 1030 1401 μὲν
1071 1329 1158 1384 ἐπὶ
1198 1341 1307 1384 τῶν
1346 1334 1646 1402 πατρίδων,
1687 1335 1763 1395 εἰς
1803 1331 1863 1386 δὲ

106 1434 147 1467 15
171 1421 266 1483 τὰς
298 1420 527 1489 εὐωχίας
559 1420 891 1489 ὑπηρετείτω
926 1419 1015 1473 καὶ
1047 1421 1141 1483 τὰς
1172 1423 1374 1483 θυσίας
1406 1421 1499 1483 τὰς
1541 1421 1600 1474 ἐν
1640 1428 1701 1490 τῇ
1746 1422 1864 1493 ἱερᾷ

170 1512 349 1563 πόλει·
384 1510 601 1562 δίκαιον
634 1509 738 1578 γὰρ
772 1505 914 1562 εἶναι
947 1519 1056 1562 τῶν
1082 1508 1141 1562 ἐκ
1173 1517 1266 1577 τῆς
1298 1517 1395 1577 γῆς
1427 1508 1865 1578 ἀναδιδομένων,

172 1598 240 1666 ἣν
283 1598 310 1651 ὁ
351 1599 483 1660 θεὸς
531 1597 717 1660 αὐτοῖς
763 1601 1070 1666 κτήσασθαι
1119 1595 1421 1667 παρέσχεν,
1474 1596 1560 1651 ἐπὶ
1599 1606 1724 1668 τιμῇ
1766 1608 1864 1653 τοῦ

173 1687 478 1747 δεδωκότος
518 1684 832 1738 ἀπολαύειν.

283 1773 464 1841 <206>
505 1773 565 1826 ἐκ
604 1779 812 1842 μισθοῦ
852 1776 1112 1842 γυναικὸς
1150 1773 1514 1843 ἡταιρημένης
1552 1778 1753 1838 θυσίας
1792 1778 1864 1844 μὴ
1897 1789 1923 1829 9

107 1876 150 1909 20
174 1866 375 1916 τελεῖν·
416 1863 654 1930 ἥδεσθαι
686 1863 789 1931 γὰρ
825 1861 1020 1932 μηδενὶ
1062 1872 1172 1915 τῶν
1205 1860 1296 1931 ἀφ’
1338 1862 1548 1932 ὕβρεως
1587 1865 1646 1916 τὸ
1686 1869 1866 1931 θεῖον,

171 1958 357 2020 χεῖρον
399 1947 448 2002 δ’
497 1949 598 2003 οὐκ
638 1949 706 2002 ἂν
747 1955 829 2019 εἴη
877 1959 970 2019 τῆς
1018 1949 1104 2004 ἐπὶ
1145 1961 1258 2012 τοῖς
1300 1952 1547 2019 σώμασιν
1588 1953 1864 2022 αἰσχύνης.

173 2039 374 2108 ὁμοίως
413 2035 539 2107 μηδ’
587 2037 656 2091 ἂν
697 2035 777 2090 ἐπ’
819 2038 1032 2108 ὀχεύσει
1073 2042 1259 2107 κυνός,
1298 2041 1417 2107 ἤτοι
1457 2045 1793 2109 θηρευτικοῦ
1832 2041 1865 2110 ἢ

172 2130 446 2195 ποιμνίων
485 2128 755 2196 φύλακος,
796 2127 935 2198 λάβῃ
975 2147 1056 2190 τις
1096 2130 1322 2197 μισθόν,
1363 2127 1421 2180 ἐκ
1460 2129 1659 2182 τούτου
1699 2131 1863 2182 θύειν

173 2222 246 2286 τῷ
287 2220 420 2286 θεῷ.

108 2318 150 2349 25
286 2303 468 2370 <207>
518 2305 903 2373 βλασφημείτω
961 2301 1021 2356 δὲ
1077 2302 1266 2372 μηδεὶς
1318 2307 1487 2366 θεοὺς
1534 2305 1630 2368 οὓς
1679 2309 1866 2370 πόλεις
1902 2320 1954 2360 10

177 2391 336 2443 ἄλλαι
389 2393 690 2458 νομίζουσι.
760 2389 898 2460 μηδὲ
951 2396 1126 2444 συλᾶν
1181 2393 1298 2461 ἱερὰ
1350 2392 1563 2461 ξενικά,
1616 2393 1741 2462 μηδ’
1797 2395 1866 2448 ἂν

176 2477 638 2548 ἐπωνομασμένον
677 2474 710 2549 ᾖ
750 2478 857 2532 τινὶ
895 2486 1011 2550 θεῷ
1051 2482 1333 2548 κειμήλιον
1374 2482 1688 2550 λαμβάνειν.

286 2566 466 2634 <208>
517 2565 707 2635 μηδεὶς
757 2566 805 2620 δ’
856 2567 908 2631 ἐξ
960 2568 1117 2636 ὑμῶν
1168 2571 1418 2638 κλωστὴν
1471 2569 1523 2633 ἐξ
1573 2569 1726 2640 ἐρίου
1774 2571 1864 2625 καὶ
1900 2585 1951 2624 11

294 2701 317 2750 ἓ
358 2702 443 2741 203
479 2718 533 2734 =
566 2697 752 2742 Denter.
794 2699 879 2742 XII
922 2705 987 2742 11.
1149 2704 1172 2751 ἓ
1215 2705 1300 2744 205
1335 2722 1390 2737 =
1424 2700 1610 2746 Denter.
1650 2702 1757 2745 XIV
1797 2709 1864 2746 23.

176 2775 200 2824 ἓ
233 2775 320 2814 206
347 2793 401 2808 =
427 2770 612 2815 Denter.
647 2771 798 2815 XXIII
834 2776 900 2818 18.
1016 2777 1039 2825 ἓ
1074 2777 1158 2817 207
1187 2794 1243 2810 =
1268 2773 1410 2817 Exod.
1444 2774 1571 2818 XXII
1603 2780 1682 2827 283
1746 2776 1867 2820 Deu-

175 2845 259 2887 ter.
293 2844 378 2887 VII
410 2848 478 2888 25.

265 2925 473 2960 IOSEPHUS.
508 2928 538 2960 L
1545 2927 1598 2965 16
