2052 3141
811 79 1074 119 HEMHTH
1681 76 1784 127 301

103 215 396 280 πολιτείας,
430 210 691 281 ἐφέροντο
724 214 859 279 πρὸς
890 213 950 264 τὸ
991 208 1118 263 καθ’
1157 211 1367 279 ἡδονὴν
1399 209 1489 263 καὶ
1521 211 1790 278 βούλησιν

104 303 253 354 ἰδίαν
306 304 500 369 βιοῦν,
556 301 629 361 ὡς
675 299 764 352 καὶ
810 309 920 352 τῶν
968 298 1438 368 ἐπιχωριαζόντων
1484 300 1628 368 παρὰ
1676 307 1790 359 τοῖς

104 392 436 451 Χαναναίοις
491 388 945 457 ἀναπίμπλασθαι
1001 397 1214 440 κακῶν.’
1283 388 1463 455 <18Ο>
1521 387 1789 456 ὀργίζεται

103 480 300 531 τοίνυν
333 478 519 540 αὐτοῖς
559 478 586 531 ὁ
626 480 783 545 θεός,
834 476 923 529 καὶ
962 477 1031 544 ἣν
1073 479 1178 529 σὺν
1216 479 1407 538 πόνοις
1447 478 1662 545 μυρίοις
1702 475 1790 527 εὐ-

59 582 79 612 5
105 567 396 634 δαιμονίαν
453 566 777 633 ἐκτήσαντο,
831 566 1034 633 ταύτην
1090 562 1365 633 ἀπέβαλον
1414 565 1505 616 διὰ
1557 564 1789 631 τρυφήν.

104 656 533 723 στρατεύσαντος
583 655 686 722 γὰρ
747 651 828 706 ἐπ’
887 653 1086 715 αὐτοὺς
1138 653 1473 721 Χουσάρθου
1527 660 1625 705 τοῦ
1680 660 1790 703 τῶν

98 740 404 811 Ἀσσυρίων
450 741 745 811 βασιλέως,
792 743 1030 804 πολλούς
1081 761 1136 794 τε
1177 752 1286 793 τῶν
1326 738 1791 810 παραταξαμένων

104 829 392 883 ἀπώλεσαν
436 829 527 882 καὶ
572 832 1030 899 πολιορκούμενοι
1076 831 1211 882 κατὰ
1259 830 1453 899 κράτος
1491 827 1790 898 ᾑρέθησαν.

104 919 285 985 <181>
326 917 430 971 εἰσὶ
471 917 520 970 δ’
568 921 625 972 οἳ
661 920 752 970 διὰ
799 922 978 987 φόβον
1028 917 1289 980 ἑκουσίως
1328 918 1473 989 αὐτῷ
1515 918 1790 986 προσεχώ-

38 1021 80 1052 10
104 1020 306 1075 ρησαν,
359 1009 567 1075 φόρους
615 1026 672 1059 τε
719 1016 816 1060 τοῦ
865 1009 1107 1060 δυνατοῦ
1155 1010 1404 1075 μείζονας
1451 1004 1792 1072 ἐπιταγέντες

105 1093 325 1148 ἐτέλουν
364 1094 455 1148 καὶ
486 1096 675 1164 ὕβρεις
705 1099 965 1158 παντοίας
1001 1095 1276 1164 ὑπέμενον
1318 1094 1418 1157 ἕως
1459 1093 1594 1146 ἐτῶν
1635 1093 1790 1145 ὀκτώ.

104 1181 230 1252 μεθ’
277 1183 309 1236 ἃ
348 1194 458 1236 τῶν
497 1194 679 1236 κακῶν
720 1184 893 1245 οὕτως
930 1185 1419 1253 ἠλευθερώθησαν.

217 1272 397 1340 <182>
452 1279 546 1339 τῆς
594 1268 777 1324 Ἰούδα
831 1276 1008 1339 φυλῆς
1061 1291 1142 1333 τις
1183 1270 1476 1339 Ὁθνίηλος
1529 1271 1791 1337 τοῦνομα,
1824 1287 1850 1325 3

105 1358 344 1424 Κενέζου
389 1360 536 1427 υἱός,
584 1361 909 1428 δραστήριος
956 1359 1094 1429 ἀνὴρ
1142 1358 1232 1411 καὶ
1272 1361 1332 1412 τὸ
1373 1362 1630 1428 φρόνημα
1670 1378 1792 1426 γεν-

39 1462 78 1494 15
104 1458 286 1517 ναῖος,
339 1444 583 1518 χρησθὲν
635 1446 779 1517 αὐτῷ
837 1448 909 1515 μὴ
960 1455 1224 1517 περιορᾶν
1282 1447 1340 1499 ἐν
1391 1448 1613 1516 τοιαύτῃ
1666 1449 1793 1508 τοὺς

98 1535 433 1607 Ἰσραηλίτας
479 1535 688 1605 ἀνάγκῃ
729 1534 1012 1603 κειμένους
1052 1531 1170 1587 ἀλλ’
1215 1537 1293 1598 εἰς
1332 1535 1657 1605 ἐλευθερίαν
1699 1536 1793 1587 αὐ-

104 1628 233 1688 τοὺς
265 1625 601 1694 ἐξαιρεῖσθαι
634 1629 859 1692 τολμᾶν,
899 1625 1441 1693 παρακελευσάμενος
1482 1625 1793 1693 συλλαμβά-

103 1719 306 1767 νεσθαι
346 1723 456 1766 τῶν
496 1714 775 1765 κινδύνων
814 1714 966 1774 τινὰς
1005 1712 1149 1783 αὐτςό
1192 1712 1393 1780 (ὀλίγοι
1434 1710 1482 1764 δ’
1530 1709 1671 1780 ἦσαν
1713 1706 1794 1775 οἷς

107 1803 275 1864 αἰδὼς
314 1800 400 1854 ἐπὶ
439 1811 553 1863 τοῖς
599 1804 717 1854 τότε
765 1809 1038 1870 παροῦσιν
1080 1800 1339 1870 ἐτύγχανε
1380 1800 1469 1853 καὶ
1509 1804 1794 1870 προθυμία

40 1905 83 1936 20
107 1888 429 1961 μεταβολῆς)
471 1891 650 1957 (183)
684 1900 901 1959 πρῶτον
942 1886 1042 1958 μὲν
1081 1891 1181 1957 τὴν
1220 1888 1346 1959 παρ’
1395 1891 1580 1952 αὐτοῖς
1620 1886 1795 1943 οὖσαν

105 1980 361 2049 φρουρὰν
407 1987 506 2032 τοῦ
556 1979 894 2047 Χουσάρθου
942 1979 1287 2047 διαφθείρει,
1334 1977 1794 2046 προσγενομένων

107 2065 167 2120 δὲ
205 2070 478 2121 πλειόνων
511 2077 620 2120 τῶν
655 2066 1179 2135 συναγωνιζομένων
1217 2066 1274 2118 ἐκ
1314 2076 1412 2120 τοῦ
1452 2069 1524 2135 μὴ
1567 2068 1794 2136 διαμαρ-

106 2165 221 2209 τεῖν
259 2154 385 2225 περὶ
422 2156 487 2208 τὰ
525 2165 712 2224 πρῶτα
751 2165 844 2224 τῆς
884 2156 1268 2225 ἐπιχειρήσεως
1308 2157 1485 2225 μάχην
1525 2166 1646 2218 τοῖς,
1671 2154 1790 2208 Ἀσ-

109 2247 319 2313 συριόις
345 2244 702 2310 συνάπτουσι,
740 2244 831 2296 καὶ
867 2246 1002 2313 πρὸς
1033 2247 1092 2297 τὸ
1126 2241 1385 2306 παντελὲς
1417 2245 1616 2306 αὐτοὺς
1647 2243 1793 2296 ἀπω-

50 2346 92 2377 25
118 2332 344 2401 σάμενοι
381 2337 748 2399 περαιοῦσθαι
787 2334 884 2385 τὸν
922 2333 1223 2402 Εὐφράτην
1264 2331 1557 2400 ἐβιάζοντο.
1612 2333 1794 2400 <184>

113 2422 392 2488 Οθνίηλος
425 2417 503 2486 δέ,
545 2419 617 2481 ὡς
649 2421 789 2490 ἔργῳ
828 2429 1023 2489 πεῖραν
1065 2419 1235 2473 αὑτοῦ
1277 2422 1529 2482 δεδωκὼς
1568 2429 1661 2489 τῆς
1701 2421 1795 2474 άν-

106 2510 431 2578 δραγαθίας,
471 2506 632 2577 γέρας
662 2505 799 2576 ὑπὲρ
832 2508 997 2576 αὐτῆς
1036 2509 1302 2577 λαμβάνει
1340 2510 1485 2577 παρὰ
1525 2518 1623 2562 τοῦ
1662 2513 1796 2578 πλή-

105 2603 247 2659 θους
298 2595 502 2665 ἀρχήν,
558 2597 693 2648 ὥστε
744 2599 953 2666 κρίνειν
1000 2599 1096 2650 τὸν
1145 2600 1296 2650 λαόν.
1373 2596 1462 2650 καὶ
1503 2597 1667 2667 ἄρξας
1707 2596 1788 2650 ἐπ’

108 2688 198 2754 ἔτη
239 2684 632 2754 τετταράκοντα
671 2683 1026 2754 καταστρέφει
1066 2688 1161 2738 τὸν
1202 2689 1342 2753 βίον.

38 2787 82 2818 30
218 2773 398 2840 <185>
423 2775 845 2841 τελευτήσαντος
870 2771 930 2825 δὲ
955 2774 1152 2826 τούτου
1179 2774 1343 2826 πάλιν
1369 2774 1432 2826 τὰ
1457 2783 1565 2826 τῶν
1587 2771 1794 2843 ’Ῑσραη-
1818 2776 1853 2826 4

228 2879 251 2928 ξ
286 2879 368 2918 179
395 2896 450 2909 =
475 2872 617 2916 Iudic.
651 2873 715 2915 ΠΙ
747 2880 786 2917 4.
