2052 3141
870 94 1145 136 AETTEPA
1718 96 1766 122 *ἃ
1780 88 1850 140 85

167 240 231 302 τῇ
279 233 382 305 γάρ
436 229 610 302 ἡμέρᾳ
662 237 725 299 τῇ
773 226 1140 298 προειρημένῃ
1192 224 1485 294 γενέθλιον
1533 224 1779 285 τεθυκὼς
1827 223 1855 276 ὁ

169 322 425 390 βασιλεὺς
456 321 554 372 τὸν
587 315 687 386 μὲν
721 316 808 370 ἐπὶ
839 326 949 369 τῶν
983 324 1278 373 σιτοποιῶν
1319 314 1720 382 ἀνεσταύρωσε,
1760 314 1856 364 τὸν

171 407 224 462 δ’
257 410 512 478 οἰνοχόον
538 416 646 459 τῶν
672 407 890 474 δεσμῶν
916 404 1193 466 ἀπολύσας
1219 401 1304 456 ἐπὶ
1338 410 1430 470 τῆς
1463 402 1627 469 αὐτῆς
1659 401 1858 469 ὑπηρε-

172 500 291 560 σίας
328 495 672 564 κατέστησεν.
1230 483 1235 494 ¹¹

126 600 146 632 5
282 586 425 653 <74>
459 583 724 653 Ἰώσηπον
759 579 818 635 δὲ
852 583 1000 649 διετῆ
1041 584 1245 651 χρόνον
1286 590 1399 642 τοῖς
1441 581 1661 647 δεσμοῖς
1700 596 1858 629 κακο-
1892 589 1920 628 4

170 679 488 741 παθοῦντα,
536 671 625 725 καὶ
665 668 838 741 μηδὲν
884 670 992 723 ὑπὸ
1032 678 1131 722 τοῦ
1172 671 1428 738 οἰνοχόου
1467 668 1601 720 κατὰ
1643 668 1862 734 μνήμην

170 771 281 816 τῶν
327 759 742 831 προειρημένων
793 759 1211 828 ὠφελούμενον,
1259 757 1287 810 ὁ
1328 759 1459 819 θεὸς
1498 754 1730 808 ἀπέλυσε
1771 761 1864 821 τῆς

172 851 384 919 εἱρκτῆς
414 850 674 917 τοιαύτην
707 848 852 919 αὐτῷ
889 848 990 914 τὴν
1034 846 1354 913 ἀπαλλαγὴν
1395 843 1862 913 μηχανησάμενος.

170 939 315 1011 (⁴75)
359 934 672 1006 Φαραώθης
726 936 754 989 ὁ
796 937 1054 1003 βασιλεὺς
1100 934 1206 986 ὑπὸ
1254 935 1354 1001 τὴν
1409 932 1580 1000 αὐτὴν
1631 930 1863 1000 ἑσπέραν

106 1041 148 1072 10
173 1028 327 1090 ὄψεις
368 1025 651 1078 ἐνυπνίων
682 1024 1027 1092 θεασάμενος
1077 1024 1207 1090 δύο,
1253 1021 1341 1074 καὶ
1384 1018 1496 1090 μετ’
1545 1020 1725 1072 αὐτῶν
1765 1020 1865 1087 τὴν

174 1113 426 1184 ἑκατέρας
475 1113 764 1182 ἐξήγησιν,
820 1113 1017 1180 ταύτης
1065 1108 1164 1179 μὲν
1211 1111 1601 1179 ἠμνημόνησε,
1648 1117 1757 1160 τῶν
1806 1105 1858 1159 δ’

175 1203 474 1273 ὀνειράτων
514 1199 788 1271 κατέσχεν.
856 1200 1168 1270 ἀχθόμενος
1208 1195 1310 1252 οὖν
1352 1194 1866 1266 ἐπὶήὲοϊςϋὲωραμέ-

173 1312 292 1353 νοις
332 1289 446 1362 (καὶ
478 1291 581 1359 γὰρ
617 1289 794 1343 ἐδόκει
829 1290 1133 1359 σκυθρωπὰ
1173 1285 1320 1340 ταῦτ’
1368 1287 1537 1358 αὐτῷ)
1581 1272 1866 1338 σύνεκάλει

176 1377 300 1448 μεθ’
364 1376 569 1449 ἡμέραν
624 1380 947 1445 Αἰγυπτίων
1009 1379 1138 1438 τοὺς
1194 1376 1592 1443 λογιωτάτους,
1654 1372 1866 1443 χρῄζων

109 1481 150 1514 15
176 1473 377 1536 μαθεῖν
417 1477 527 1520 τῶν
567 1467 867 1535 ὀνειράτων
908 1467 1006 1534 τὴν
1046 1467 1245 1533 κρίσιν.
1322 1464 1466 1531 <76>
1507 1462 1867 1531 ἀπορούντων

178 1554 230 1609 δ’
280 1555 503 1608 ἐκείνων
544 1557 622 1607 ἔτι
662 1559 873 1623 μᾶλλον
907 1555 935 1607 ὁ
969 1555 1226 1622 βασιλεὺς
1267 1552 1596 1621 ἐταράττετο.
1675 1552 1770 1602 τὸν
1813 1551 1844 1600 δ

165 1646 435 1714 ,οἰνοχόον
484 1644 697 1713 ὁρῶντα
753 1651 850 1695 τοῦ
909 1643 1226 1711 Φαραώθου
1289 1642 1388 1709 τὴν
1446 1641 1714 1708 σύγχυσιν
1768 1638 1868 1689 ὑπ-

178 1731 389 1802 έρχεται
430 1734 612 1800 μνήμη
655 1739 753 1784 τοῦ
788 1729 1055 1798 Ἰωσήπου
1090 1728 1178 1781 καὶ
1210 1738 1304 1797 τῆς
1342 1727 1467 1794 περὶ
1507 1738 1615 1780 τῶν
1657 1726 1868 1795 ὀνειρά-

177 1841 287 1873 των
336 1812 640 1888 συνέσεως,
696 1821 840 1887 <77>
888 1817 977 1871 καὶ
1024 1819 1353 1886 προσελθὼν
1402 1817 1674 1885 ἐμήνυσεν
1721 1816 1866 1886 αὐτῷ

111 1922 154 1954 20
177 1911 274 1962 τὸν
308 1906 594 1978 Ἰώσηπον,
635 1911 734 1977 τήν
760 1906 806 1960 τ’
846 1910 976 1972 ὄψιν
1002 1907 1070 1974 ἣν
1096 1907 1258 1968 αὐτὸς
1291 1902 1437 1958 εἶδεν
1472 1904 1531 1957 ἐν
1564 1912 1625 1973 τῇ
1667 1905 1869 1972 εἱρκτῇ,

177 1997 268 2050 καὶ
306 2000 366 2051 τὸ
407 1997 622 2066 ἀποβὰν
664 1997 878 2050 ἐκείνου
919 1995 1262 2065 φράσαντος,
1303 1994 1384 2046 ὅτι
1424 2012 1480 2045 τε
1522 1994 1867 2061 σταυρωθείη

177 2087 313 2139 κατὰ
343 2086 444 2154 τὴν
478 2084 649 2153 αὐτὴν
682 2082 891 2154 ἡμέραν
933 2084 961 2136 ὁ
1004 2081 1090 2135 ἐπὶ
1130 2092 1240 2135 τῶν
1282 2090 1596 2147 σιτοποιῶν,
1635 2080 1869 2151 κάκείνῳ

178 2182 339 2227 τοῦτο
381 2176 619 2242 συμβαίη
660 2169 772 2225 κατ’
822 2171 1078 2240 ἐξήγησιν
1119 2171 1398 2240 ὀνείρατος
1430 2168 1698 2236 Ἰωσήπου
1737 2186 1870 2238 προ-

181 2264 444 2323 ειπόντος.
522 2261 665 2328 <78>
700 2258 961 2312 δεδέσθαι
995 2257 1054 2312 δὲ
1088 2267 1284 2312 τοῦτον
1325 2255 1424 2326 μὲν
1466 2257 1571 2310 ὑπὸ
1613 2261 1868 2325 Πετεφρῆ

116 2363 158 2394 25
183 2357 282 2401 τοῦ
338 2347 425 2400 ἐπὶ
479 2358 588 2401 τῶν
643 2351 919 2417 μαγείρων
974 2348 1046 2410 ὡς
1101 2349 1328 2400 δοῦλον·
1386 2344 1530 2413 λέγει
1587 2342 1646 2397 δὲ
1703 2344 1870 2396 αὐτὸν

173 2435 443 2507 Ἑβραίων
498 2435 559 2488 ἐν
615 2436 821 2504 ὀλίγοις
874 2433 1016 2488 εἶναι
1071 2434 1266 2503 γένους
1320 2435 1429 2503 ἅμα
1484 2432 1573 2486 καὶ
1627 2440 1719 2500 τῆς
1772 2441 1871 2485 τοῦ

181 2527 384 2594 πατρὸς
432 2524 606 2592 δόξης.
684 2524 908 2577 ρτοῦτον
957 2519 1059 2576 οὗν
1107 2523 1615 2592 μεταπεμψάμενος,
1662 2519 1752 2572 καὶ
1799 2522 1870 2589 μὴ

183 2614 274 2665 διὰ
314 2613 414 2680 τὴν
455 2612 576 2681 ἄρτι
615 2614 989 2681 κακοπραγίαν
1037 2611 1207 2663 αὐτοῦ
1255 2610 1584 2677 καταγνούς,
1633 2612 1871 2677 μαθήσει

181 2702 247 2753 τὰ
286 2700 392 2753 ὑπὸ
431 2709 541 2752 τῶν
590 2699 889 2770 ὀνειράτων
938 2714 1025 2752 σοι
1073 2698 1427 2767 δηλούμενα.’
1504 2697 1649 2765 <79>
1688 2698 1872 2750 κελεύ-

116 2803 159 2834 30
184 2802 381 2851 σάντος
413 2784 516 2841 οὗν
549 2796 646 2841 τοῦ
679 2785 944 2857 βασιλέως
983 2789 1060 2850 εἰς
1093 2789 1224 2851 ὄψιν
1265 2786 1435 2839 αὐτοῦ
1475 2788 1571 2839 τὸν
1606 2783 1871 2854 Ἰώσηπον

302 2894 326 2942 ξ
359 2894 414 2933 ’74
440 2911 494 2925 --
521 2888 632 2932 Gen.
665 2888 766 2931 XLI
799 2894 836 2931 1.
