2052 3141
873 95 1147 137 AETTEPA
1743 90 1846 142 135

165 222 245 291 οἷς
277 230 344 283 ἂν
376 229 743 299 ἀνθρωπίνην
778 228 971 281 ἐλπίδα
1004 231 1074 297 μὴ
1116 225 1286 298 βλέπῃ
1326 228 1461 296 πρὸς
1499 227 1559 278 τὸ
1599 234 1844 294 κρεῖττον

166 326 460 387 παροῦσαν.
540 318 718 385 <333>
751 317 888 370 ὅθεν
920 318 1150 389 τοιούτῳ
1183 320 1374 386 βοηθῷ
1417 316 1846 379 πεπιστευκότες,

167 399 208 476 ᾧ
251 406 478 474 δύναμις
510 403 600 457 καὶ
633 406 697 457 τὰ
730 406 895 473 μικρὰ
928 413 1150 472 ποιῆσαι
1184 404 1389 472 μεγάλα
1422 401 1511 454 καὶ
1551 411 1659 454 τῶν
1699 405 1845 469 τηλι-

163 494 374 546 κούτων
414 491 711 546 ἀσθένειαν
757 496 1270 561 καταψηφίσασθαι,
1318 493 1389 559 μὴ
1430 489 1845 558 καταπέπληχθε

117 582 262 649 5τὴν
325 583 642 648 Αἰγυπτίων
696 583 1080 649 παρασκευήν,
1137 578 1261 648 μηδ’
1326 579 1406 631 ὅτι
1458 579 1703 630 θάλαττα
1756 576 1846 629 καὶ

159 671 388 721 κατόπιν
445 670 578 737 ὑμῖν
641 670 739 737 ὅρη
802 677 980 737 φυγῆς
1037 668 1169 721 ὁδὸν
1227 667 1292 720 οὐ
1355 664 1692 735 παρέχοντα,
1757 666 1846 716 διὰ

159 754 307 810 τοῦτ’
370 756 767 824 ἀπογινώσκετε
832 765 924 824 τῆς
987 758 1282 824 σωτηρίας·
1340 753 1554 822 γένοιτο
1610 754 1713 822 γὰρ
1778 752 1846 805 ἂν

158 843 248 896 καὶ
298 842 460 897 ταῦθ’
516 845 648 912 ὑμῖν
698 846 858 897 πεδιά
909 852 1006 897 τοῦ
1047 850 1186 897 θεοῦ
1225 845 1598 911 θελήσαντος,
1648 839 1738 893 καὶ
1778 848 1845 908 γῆ

155 934 215 985 τὸ
255 930 528 1000 πέλαγος.’

92 1046 134 1077 10
269 1021 447 1088 <334>
484 1028 719 1073 τοσαῦτα
751 1022 920 1073 εἰπὼν
961 1017 1092 1088 ἦγεν
1138 1020 1336 1080 αὐτοὺς
1377 1016 1462 1070 ἐπὶ
1503 1019 1603 1086 τὴν
1642 1018 1845 1070 θάλατ-
1870 1018 1934 1071 16

156 1129 282 1177 ταν,
329 1118 439 1161 τῶν
481 1110 800 1176 Αἰγυπτίων
847 1109 1126 1178 ὁρώντων·
1176 1106 1236 1160 ἐν
1277 1109 1399 1170 ὄψει
1446 1125 1501 1158 τε
1542 1107 1645 1175 γὰρ
1686 1101 1846 1174 ἦσαν,

156 1195 247 1249 καὶ
294 1204 367 1268 τῷ
416 1199 568 1269 πόνῳ
624 1195 1156 1265 τεταλαιπωρημένοι
1202 1204 1295 1263 τῆς
1342 1193 1577 1258 διώξεως
1624 1195 1700 1256 εἰς
1747 1195 1847 1262 τὴν

155 1286 448 1355 ὑστεραίαν
496 1286 595 1353 τὴν
636 1285 813 1354 μάχην
864 1286 1309 1353 ὑπερβάλλεσθαι
1348 1287 1525 1344 καλῶς
1564 1284 1706 1351 ἔχειν
1746 1282 1846 1334 ὑπ-

158 1374 482 1442 ελάμβανον.
564 1372 678 1426 ἐπεὶ
719 1370 777 1425 δὲ
817 1376 952 1442 πρὸς
990 1381 1063 1445 τῷ
1106 1375 1334 1443 αἰγιαλῷ
1376 1375 1625 1438 ᾧΜωυσῆς
1664 1369 1845 1438 ἐγεγό-

92 1484 134 1517 15
156 1482 268 1530 νει,
317 1463 503 1530 λαβὼν
550 1463 650 1530 τὴν
690 1465 990 1531 βακτηρίαν
1030 1464 1126 1515 τὸν
1164 1464 1301 1514 θεὸν
1344 1458 1544 1513 ἶκέτευε
1585 1457 1675 1511 καὶ
1712 1460 1846 1526 σύμ-

156 1571 331 1620 μαχον
370 1549 460 1602 καὶ
512 1552 726 1618 βοηθὸν
768 1550 945 1602 ἐκάλει
986 1548 1162 1617 λέγων
1204 1549 1389 1610 οὕτως.
1470 1548 1649 1615 <335>
1692 1544 1837 1600 (οὐδ’

159 1639 321 1700 αὐτὸς
376 1636 476 1707 μὲν
525 1638 774 1706 ἀγνοεῖς,
830 1633 871 1689 ὦ
915 1636 1183 1705 δέσποτα,
1231 1637 1314 1689 ὅτι
1361 1645 1560 1705 φυγεῖν
1607 1635 1738 1703 ἡμῖν
1788 1634 1845 1688 ἐκ

158 1736 268 1779 τῶν
319 1728 607 1795 παρόντων
663 1726 786 1779 οὔτε
844 1726 977 1778 κατὰ
1030 1725 1220 1795 ῥώμην
1270 1725 1393 1777 οὔτε
1434 1721 1548 1776 κατ’
1597 1723 1845 1776 ἐπίνοιάν

159 1814 307 1867 ἐστιν
370 1814 765 1883 ἀνθρωπίνην,
828 1811 945 1866 ἀλλ’
1014 1815 1118 1882 ἤδη
1182 1833 1232 1865 τι
1294 1813 1511 1874 πάντως
1573 1814 1844 1881 σωτήριον

89 1923 133 1955 20
157 1910 388 1974 στρατῷ,
427 1910 500 1974 τῷ
542 1904 676 1955 κατὰ
715 1904 816 1970 τὴν
857 1904 960 1971 σὴν
1000 1903 1268 1971 βούλησιν
1309 1901 1502 1971 ἀφέντι
1541 1902 1640 1969 τὴν
1672 1905 1844 1967 Αἴγυ-

157 2009 329 2059 πτον,
385 1994 484 2044 σόν
540 1990 688 2043 ἐστιν
744 1990 1059 2060 ἐκπορίζειν.
1139 1991 1319 2058 <336>
1372 1991 1525 2058 ἡμεῖς
1571 1987 1614 2041 τ’
1672 1989 1844 2056 ἄλλην

156 2079 527 2148 ἀπεγνωκότες
582 2079 776 2132 ε’λπίδα
836 2077 925 2131 καὶ
981 2080 1231 2148 μηχανὴν
1294 2079 1371 2140 εἰς
1425 2079 1524 2145 τὴν
1580 2076 1684 2130 ἀπὸ
1743 2085 1843 2130 σοῦ

157 2171 331 2236 μόνου
363 2169 796 2237 καταφεύγομεν,
836 2167 925 2220 καὶ
958 2173 1089 2220 εἴτι
1131 2168 1276 2236 παρὰ
1314 2174 1408 2234 τῆς
1448 2173 1545 2233 σῆς
1583 2168 1845 2233 προνοίας

159 2258 316 2308 ἔλθοι
350 2255 644 2325 ἐξαρπάσαι
678 2264 771 2324 τῆς
802 2258 1123 2323 Αἰγυπτίων
1164 2256 1329 2325 ὀργῆς
1360 2254 1498 2322 ἡμᾶς
1532 2253 1843 2321 δυνάμενον

92 2361 134 2394 25
159 2343 467 2412 ἀφορῶμεν.
545 2343 795 2413 ἀφίκοιτο
851 2341 912 2396 δὲ
962 2352 1123 2396 τοῦτο
1173 2342 1403 2413 ταχέως,
1450 2344 1550 2410 τὴν
1599 2342 1701 2409 σὴν
1754 2340 1843 2409 έμ-

159 2434 389 2501 φανίζον
428 2431 560 2499 ἡμῖν
601 2432 858 2500 δύναμιν,
899 2430 989 2483 καὶ
1028 2433 1124 2484 τὸν
1167 2434 1321 2498 λαόν,
1360 2428 1451 2482 ὑπ’
1499 2429 1844 2491 ἀνελπιστίας

156 2521 608 2572 καταπεπτωκότα
653 2520 789 2587 πρὸς
834 2520 894 2571 τὸ
943 2527 1158 2587 χεῖρον,
1209 2517 1518 2584 ἀναστῆσον
1560 2518 1636 2578 εἰς
1675 2516 1843 2568 εὐθυ-

160 2610 291 2676 μίαν
321 2605 412 2659 καὶ
443 2608 505 2658 τὸ
538 2604 661 2675 περὶ
693 2614 787 2674 τῆς
821 2609 1089 2675 σωτηρίας
1118 2606 1343 2674 θράσος.
1422 2605 1600 2671 <337>
1643 2603 1702 2656 ἐν
1743 2603 1844 2656 οὐκ

156 2694 463 2764 ἀλλοτρίοις
518 2692 565 2746 δ’
630 2691 792 2762 ἐσμὲν
854 2703 966 2756 τοῖς
1023 2693 1280 2762 ἀπόροις,
1339 2692 1476 2745 ἀλλὰ
1532 2693 1598 2760 σὴ
1655 2688 1754 2760 μὲν
1809 2691 1842 2758 ἡ

90 2783 434 2850 εοθάλαττα,
489 2784 588 2834 σὸν
637 2778 698 2834 δὲ
743 2783 804 2834 τὸ
845 2785 1155 2851 περικλεῖον
1194 2781 1333 2849 ἡμᾶς
1374 2782 1532 2849 ὅρος,
1582 2781 1654 2842 ὡς
1692 2779 1842 2832 ἀνοι-

277 2887 300 2935 ἓ
334 2888 417 2926 333
445 2904 500 2918 =
524 2882 667 2926 EXOd.
700 2882 807 2925 XIV
842 2887 907 2926 13.
