2052 3141
836 106 1110 146 TETAPTH
1713 103 1820 157 243

123 236 407 307 γραμμένα
462 236 549 290 ἐπὶ
608 245 700 305 τῆς
761 242 999 306 κεφαλῆς
1053 236 1143 290 καὶ
1204 247 1301 291 τοῦ
1356 241 1685 308 βραχίονος,
1749 240 1821 302 ὡς

123 330 488 396 περίβλεπτον
528 322 670 379 εἶναι
709 328 1059 396 πανταχόθεν
1100 329 1158 379 τὸ
1201 325 1326 395 περὶ
1366 328 1566 390 αὐτοὺς
1608 330 1821 397 πρόθυ-

113 435 218 483 μον
258 423 356 468 τοῦ
395 419 550 467 θεοῦ.

224 504 408 571 <214>
457 499 769 572 ἀρχέτωσαν
822 498 881 554 δὲ
933 498 1060 553 καθ’
1116 499 1353 571 ἑκάστην
1401 506 1564 556 πόλιν
1616 505 1817 573 ἄνδρες
1855 518 1910 557 14

70 606 89 638 5
130 589 261 644 ἑπτὰ
295 591 352 644 οἱ
379 588 468 643 καὶ
501 592 602 659 τὴν
634 589 834 660 ἀρετὴν
866 588 954 642 καὶ
996 591 1095 658 τὴν
1134 589 1259 659 περὶ
1301 593 1360 644 τὸ
1403 593 1616 645 δίκαιον
1657 607 1822 645 σπου-

121 681 226 748 δὴν
267 681 692 749 προησκηκότες·
736 676 931 749 ἑκάστῃ
974 676 1025 730 δ’
1074 678 1218 748 ἀρχῇ
1262 677 1346 732 δύ’
1387 681 1584 749 ἄνδρες
1624 680 1823 751 ὑπηρέ-

128 788 213 820 ται
265 769 622 821 διδόσθωσαν
671 766 729 819 έκ
777 774 869 834 τῆς
915 775 1024 818 τῶν
1073 770 1326 820 Λευιτῶν
1374 772 1565 837 φυλῆς.
1641 769 1823 837 <215>

124 857 369 908 ἔστωσαν
411 852 471 907 δὲ
510 853 599 906 καὶ
649 854 706 907 οἱ
748 854 986 917 δικάζειν
1027 857 1293 923 λαχόντες
1343 865 1458 918 ταῖς
1496 859 1722 909 πόλεσιν
1764 856 1823 909 έν

114 942 294 1013 ἁπάσῃ
346 950 502 1012 τιμῇ,
556 943 627 1004 ὡς
677 944 807 1010 μήτε
855 945 1202 1011 βλασφημεῖν
1265 943 1490 997 ἐκείνων
1528 948 1824 1013 παρόντων

53 1047 94 1078 10
118 1033 249 1099 μήτε
318 1031 713 1101 θρασύνεσθαί
760 1044 903 1082 τισιν
960 1029 1189 1098 ἐξεῖναι,
1243 1039 1337 1099 τῆς
1391 1035 1526 1101 πρὸς
1580 1036 1708 1095 τοὺς
1763 1033 1823 1086 ἐν

121 1118 384 1188 ἀξιώματι
417 1129 526 1172 τῶν
562 1119 880 1189 ἀνθρώπων
914 1120 1105 1181 αἰδοῦς
1137 1120 1338 1182 αὐτοὺς
1378 1119 1823 1190 εὐλαβεστέρους,

124 1208 260 1260 ὥστε
305 1217 403 1261 τοῦ
435 1213 575 1261 θεοῦ
609 1209 680 1276 μὴ
713 1217 1100 1276 καταφρονεῖν,
1140 1207 1593 1278 ἀπεργαζομένης.
1642 1208 1823 1277 <216>

130 1296 183 1348 οί
231 1293 290 1348 δὲ
342 1294 590 1348 δικασταὶ
638 1295 1045 1364 ἀποφαίνεσθαι
1094 1298 1275 1363 κύριοι
1325 1296 1448 1365 περὶ
1489 1306 1587 1350 τοῦ
1629 1298 1822 1361 δόξαν-

124 1402 213 1445 τος
254 1383 438 1446 αὐτοῖς
478 1385 748 1451 ἔστωσαν,
788 1385 931 1451 πλὴν
971 1386 1022 1436 εἰ
1060 1387 1130 1452 μή
1172 1404 1222 1436 τι
1262 1388 1509 1454 χρήματα
1549 1390 1819 1455 λαβόντας

49 1487 91 1520 15
116 1491 196 1534 τις
252 1472 454 1534 αὐτοὺς
509 1470 596 1524 ε’πὶ
652 1473 936 1543 διαφθορᾷ
992 1481 1090 1525 τοῦ
1163 1475 1380 1527 δικαίου
1445 1474 1730 1539 ἐνδείξαιτ’
1788 1483 1819 1551 ἢ

124 1562 299 1629 ἄλλην
344 1557 448 1613 τιν’
490 1562 668 1612 αἰτίαν
707 1559 974 1630 προφέροι
1014 1560 1140 1613 καθ’
1180 1562 1249 1629 ἣν
1291 1563 1356 1615 οὐ
1396 1568 1573 1625 καλῶς
1613 1563 1819 1634 ἐλέγχει

128 1649 330 1711 αὐτοὺς
363 1647 838 1718 ἀποφηναμένους.
906 1651 1031 1702 οὔτε
1064 1652 1167 1719 γὰρ
1209 1650 1390 1720 κέρδει
1430 1651 1819 1721 χαριζομένους

123 1734 242 1790 οὔτ’
289 1736 550 1806 ἀξιώματι
597 1745 877 1806 προσῆκον
931 1740 1175 1808 πονηρὰς
1229 1746 1510 1793 ποιεῖσθαι
1558 1742 1652 1803 τὰς
1702 1746 1816 1811 κρί-

117 1822 262 1894 σεις,’ι
287 1825 424 1878 ἀλλὰ
456 1828 516 1879 τὸ
544 1828 759 1879 δίκαιον
793 1825 974 1879 ἐπάνω
1001 1829 1224 1881 πάντων
1257 1828 1596 1898 τιθεμένους.
1637 1831 1817 1899 <217>

63 1929 106 1961 ΞΟ
132 1915 160 1968 ὁ
201 1915 304 1985 γὰρ
337 1917 469 1977 θεὸς
501 1914 570 1967 ἂν
603 1915 745 1967 οὕτω
781 1914 954 1978 δόξειε
995 1923 1481 1987 καταφρονεῖσθαι,
1520 1916 1610 1970 καὶ
1650 1918 1815 1971 ἀσθε-

123 2001 378 2073 νέστερος
418 2002 646 2056 ἐκείνων
688 1996 768 2066 οἷς
807 2005 875 2057 ἄν
915 2024 994 2067 τις
1026 2006 1160 2057 κατὰ
1201 2008 1380 2074 φόβον
1423 2007 1609 2075 ἰσχύος
1646 2022 1814 2077 προσ-

122 2094 280 2162 νείμῃ
336 2093 436 2160 τὴν
490 2099 680 2161 ψῆφον
733 2095 1038 2162 κεκρίσθαι.
1128 2102 1220 2162 τῆς
1276 2096 1377 2163 γὰρ
1433 2100 1572 2147 θεοῦ
1629 2096 1814 2164 ἰσχύος

122 2178 234 2231 ἐστὶ
286 2181 346 2232 τὸ
400 2181 632 2234 δίκαιον.
721 2190 834 2243 τοῖς
886 2178 989 2234 οὖν
1047 2182 1106 2235 έν
1159 2182 1423 2251 ἀξιώμασι
1477 2183 1810 2252 τυγχάνουσι

112 2270 603 2337 καταχαριζόμενός
653 2289 732 2331 τις
783 2269 1027 2333 ἐκείνους
1077 2279 1174 2324 τοῦ
1215 2277 1354 2324 θεοῦ
1396 2270 1809 2341 δυνατωτέρους

50 2370 92 2403 25
116 2365 276 2408 ποιεῖ.
353 2357 534 2424 <218>
583 2377 650 2408 αν
700 2353 748 2408 δ’
797 2377 848 2410 οι
898 2358 1147 2412 δικασταὶ
1197 2362 1269 2428 μὴ
1318 2369 1488 2413 νοῶσι
1533 2359 1657 2429 περι
1697 2371 1807 2414 τῶν

110 2440 193 2496 ἐπ’
242 2444 427 2506 αὐτοῖς
472 2444 963 2514 παρατεταγμένων
1013 2447 1409 2517 ἀποφήνασθαι
1451 2446 1806 2554 (συμβαίνειν

110 2528 170 2583 δε
214 2533 390 2585 πολλὰ
430 2541 653 2586 τοιαῦτα
692 2542 805 2596 τοϊς
844 2533 1212 2643 ἀνθρώποις),
1269 2535 1525 2606 ἀκέραιον
1566 2536 1804 2606 ἀναπεμ-

109 2619 361 2673 πέτωσαν
396 2622 496 2689 τὴν
529 2623 688 2689 δίκην
721 2623 797 2684 εἰς
827 2624 926 2691 τὴν
961 2644 1113 2694 ιεραν
1147 2628 1329 2694 πόλιν,
1370 2625 1460 2678 καὶ
1501 2629 1802 2679 συνελθόν-

110 2727 195 2772 τες
235 2709 264 2761 ὅ
303 2706 348 2761 τ’
397 2707 678 2778 ἀρχιερεὺς
717 2707 806 2761 καὶ
848 2710 875 2763 ὁ
916 2715 1199 2781 προφήτης
1238 2712 1328 2765 καὶ
1368 2713 1399 2781 ἡ
1440 2717 1702 2783 γερουσία
1742 2716 1801 2767 τὸ

44 2811 85 2842 30
113 2797 321 2850 δοκοῦν
361 2795 882 2865 ἀποφαινέσθωσαν.

231 2902 254 2950 ξ
290 2902 374 2941 214
403 2920 458 2934 =
483 2897 670 2944 Denter.
702 2898 807 2942 XVI
844 2905 909 2945 18.

1446 2976 1532 3019 16*
