2052 3141
825 98 1091 137 HEMHTH
1237 79 1240 82 ’
1695 93 1801 144 313

114 234 220 301 πρὸ
259 238 353 299 τῆς
383 234 612 292 πόλεως·
653 233 862 282 πείσειν
895 231 998 298 γὰρ
1032 232 1084 281 Γ
1080 230 1253 297 αάλην
1295 227 1538 292 ἐξελθεῖν
1580 224 1661 279 ἐπ’
1708 227 1804 278 αὐ-

115 322 230 386 τόν,
269 317 359 371 καὶ
398 320 457 372 τὸ
498 321 693 372 λοιπὸν
733 315 814 370 ἐπ’
863 317 1051 389 ἐκείνω
1090 317 1385 386 τυγχάνειν
1426 313 1550 369 ὥστ’
1598 315 1804 384 ἀμύνα-

117 413 273 460 σθαι·
314 405 615 475 γενομένου
648 408 751 476 γὰρ
784 407 982 459 τούτου
1017 391 1313 472 διαλλαγὰς
1352 405 1497 475 αὐτῷ
1538 404 1804 472 μνηστεύ-

116 500 314 548 σεσθαι
353 497 489 566 πρὸς
528 498 624 549 τὸν
666 497 858 563 δῆμον.
938 495 1118 561 <244>
1161 493 1189 545 ὅ
1229 491 1275 545 τ’
1324 488 1426 546 οὖν
1462 491 1805 561 Ἀβιμέλεχος

70 601 91 632 5
117 583 376 637 ἐκάθισεν
422 584 749 653 ἐνεδρεύων,
788 582 877 635 καὶ
918 583 946 636 ὁ
981 585 1033 634 Γ
1029 583 1196 650 αάλης
1229 579 1676 650 ἀφυλακτοτέρως
1725 582 1804 632 δι-

117 671 329 741 έτριβεν
370 671 456 725 ἐπὶ
496 682 594 726 τοῦ
633 675 990 741 προαστείου,
1037 669 1126 722 καὶ
1169 669 1445 738 Ζέβουλος
1486 672 1590 721 σὺν
1641 669 1803 739 αὐτῷ.

115 762 252 813 ἰδὼν
295 759 342 814 δ’
384 762 604 823 ὁπλίτας
637 758 1066 829 ἐπιφερομένους
1098 761 1150 810 Γ
1146 759 1314 826 αάλης
1353 760 1487 826 πρὸς
1522 756 1804 825 Ζέβουλον

115 851 302 917 ἔλεγεν
334 851 540 919 ἄνδρας
572 850 757 911 αὐτοῖς
790 846 999 901 ἐπιέναι
1032 844 1540 914 καθωπλισμένους.
1621 846 1802 912 <245>

113 946 213 990 τοῦ
256 934 316 990 δὲ
349 939 503 1000 σκιὰς
534 935 675 990 εἶναι
712 936 963 1006 φαμένου
1003 945 1113 988 τῶν
1152 945 1385 1005 πετρῶν,
1424 937 1658 1002 πλησίον
1698 935 1804 1002 ἤδη

49 1043 91 1075 10
117 1023 432 1094 γενομένων
487 1021 738 1093 τάκριβὲς
788 1034 1072 1076 κατανοῶν
1129 1024 1195 1076 οὐ
1244 1024 1397 1084 σκιὰς
1451 1025 1599 1089 ἔλεγε
1649 1021 1798 1075 ταῦτ’

114 1110 274 1182 εἶναι,
314 1116 480 1182 λόχον
514 1110 562 1165 δ’
603 1112 839 1181 ἀνδρῶν.
918 1111 1007 1164 καὶ
1042 1110 1318 1179 Ζέβουλος
1358 1110 1445 1163 (οὐ
1485 1113 1552 1162 σὺ
1594 1109 1801 1178 μέντοι’

113 1205 284 1271 φησίν
325 1199 677 1274 ςἈβιμελέχῳ
725 1204 920 1253 κακίαν
968 1199 1266 1262 ἐπεκάλεις;
1315 1202 1371 1251 τί
1407 1195 1508 1251 οὖν
1551 1199 1651 1251 οὐκ
1693 1198 1806 1250 ἐπι-

115 1292 402 1342 δείκνυσαι
433 1292 494 1342 τὸ
526 1298 620 1357 τῆς
659 1289 851 1358 ἀρετῆς
883 1287 1116 1357 μέγεθος
1155 1291 1232 1350 εἰς
1265 1289 1442 1357 μάχην
1483 1287 1628 1357 αὐτῷ
1673 1302 1806 1355 συμ-

114 1378 352 1447 βαλών;’
396 1379 577 1446 <246>
605 1379 821 1446 Γαάλης
847 1375 906 1430 δὲ
938 1378 1360 1446 θορυβούμενος
1392 1377 1653 1428 συνάπτει
1693 1386 1807 1437 τοϊς

50 1484 91 1516 15
111 1465 494 1537 Ἀβιμελέχου,
545 1465 634 1519 καὶ
686 1470 946 1519 πίπτουσι
994 1465 1094 1535 μέν
1145 1485 1288 1527 τινες
1333 1474 1443 1517 τῶν
1495 1467 1600 1517 σὺν
1639 1465 1806 1535 αὐτῷ,

115 1557 306 1625 φεύγει
349 1553 397 1608 δ’
438 1556 600 1617 αὐτὸς
640 1557 716 1616 εἰς
755 1556 854 1622 τὴν
894 1557 1076 1622 πόλιν,
1115 1556 1244 1616 τοὺς
1283 1555 1485 1614 ἄλλους
1525 1552 1805 1620 ἀγόμενος.

115 1643 204 1697 καὶ
270 1643 546 1713 Ζέβουλος
613 1644 955 1696 πολιτεύεται
1020 1645 1072 1695 Γ
1069 1643 1243 1710 αάλην
1315 1642 1652 1710 ἐκβληθῆναι
1714 1649 1808 1708 τῆς

115 1735 343 1801 πόλεως,
382 1734 758 1801 κατηγορήσας
797 1731 869 1793 ὡς
909 1735 1161 1799 μαλακῶς
1199 1732 1335 1799 πρὸς
1373 1732 1501 1791 τοὺς
1535 1727 1808 1797 Ἀβιμελέ-

116 1841 217 1891 χου
281 1821 610 1890 στρατιώτας
671 1818 1017 1886 ἀγωνίσαιτο.
1111 1820 1289 1885 <247>
1340 1816 1684 1887 Ἀβιμέλεχος
1748 1814 1806 1869 δὲ

48 1927 94 1958 20
117 1912 433 1978 πυθόμενος
479 1906 932 1976 ἐξελευσομένους
979 1903 1144 1969 αὖθις
1194 1908 1328 1959 κατὰ
1368 1909 1641 1975 τρυγητὸν
1680 1908 1809 1967 τοὺς

118 2001 434 2066 Σικιμίτας,
482 1994 731 2065 ἐνέδραις
776 1999 1151 2065 προλοχίζεται
1198 1996 1262 2047 τὰ
1310 1993 1435 2063 περὶ
1481 1995 1581 2062 τὴν
1620 1996 1806 2046 πόλιν·

117 2085 208 2138 καὶ
239 2089 632 2156 προελθόντων
665 2085 697 2152 ἡ
725 2081 824 2153 μὲν
857 2089 1007 2153 τρίτη
1043 2094 1206 2153 μοῖρα
1239 2091 1331 2151 τῆς
1365 2090 1617 2152 στρατιᾶς
1648 2102 1808 2134 κατα-

120 2174 385 2242 λαμβάνει
432 2174 527 2235 τάς
575 2174 776 2239 πύλας,
825 2170 1238 2241 ἀφαιρησομένη
1280 2166 1394 2238 τὴν
1419 2172 1641 2223 εἴσοδον
1680 2173 1808 2233 τοὺς

119 2265 362 2329 πολίτας,
402 2263 459 2315 οἱ
495 2259 544 2313 δ’
584 2263 741 2314 ἄλλοι
781 2259 1180 2329 σκιδναμένους
1220 2257 1566 2328 μεταθέουσι,
1606 2278 1808 2312 παντα-

51 2367 96 2399 25
120 2358 222 2420 χοῦ
260 2369 316 2401 τε
365 2352 537 2417 φόνος
575 2346 658 2416 ἦν.
737 2349 917 2416 <248>
959 2346 1049 2400 καὶ
1095 2347 1442 2410 κατασκάψας
1489 2349 1566 2410 είς
1606 2349 1808 2416 ἔδαφος

119 2440 221 2506 τὴν
253 2441 416 2491 πόλιν
457 2438 547 2507 (οὐ
580 2439 683 2506 γὰρ
717 2435 938 2506 ἀντέσχε
971 2439 1106 2506 πρὸς
1136 2437 1237 2504 τὴν
1269 2434 1636 2505 πολιορκίαν),
1676 2436 1809 2497 ἅλας

119 2527 254 2580 κατὰ
287 2536 398 2578 τῶν
431 2525 686 2595 ἐρειπίων
720 2528 942 2593 σπείρας
972 2530 1198 2592 προῆγε,
1236 2522 1325 2575 καὶ
1352 2527 1633 2590 Σικιμῖται
1673 2522 1808 2574 πάν-

119 2634 206 2677 τες
245 2614 417 2675 οὕτως
456 2612 755 2666 ἀπώλοντο.
834 2613 954 2665 ὅσοι
988 2609 1047 2664 δὲ
1079 2612 1214 2664 κατὰ
1253 2612 1353 2679 τὴν
1392 2612 1576 2680 χώραν
1617 2612 1809 2662 σκεδα-

122 2700 350 2765 σθέντες
381 2700 648 2771 διέφυγον
679 2703 777 2754 τὸν
808 2702 1095 2768 κίνδυνον,
1136 2696 1290 2752 οὗτοι
1332 2698 1682 2766 συλλεγέντες
1722 2698 1814 2751 ἐπί

51 2807 98 2838 30
121 2811 244 2844 τινα
290 2789 493 2860 πέτραν
546 2789 751 2859 ὀχυρὰν
799 2787 878 2842 ἐπ’
927 2789 1091 2857 αὐτῆς
1139 2789 1428 2857 ἱδρύοντο,
1475 2790 1706 2857 τειχίσαι
1752 2807 1807 2839 τε

242 2895 266 2944 ξ
301 2895 386 2934 244
413 2913 467 2927 =
490 2890 634 2933 Iudic.
667 2890 729 2932 IX
762 2895 831 2933 34.
