2052 3141
193 31 298 83 152
803 34 1256 76 ΑΡΧΑΙΟΑΟΓΙΑΣ

193 163 380 233 μένοις
417 173 631 234 κοῦφον
672 163 850 218 ἐδόκει
888 168 950 219 τὸ
983 170 1287 235 λείπεσθαι,
1326 168 1460 219 κατὰ
1500 169 1877 236 δικαιοσύνην,

193 253 260 306 οὐ
292 254 427 306 κατὰ
449 251 771 316 πλεονεξίαν
804 253 936 307 αὐτὸ
969 255 1199 323 πάσχειν
1231 255 1593 326 νομίζουσιν),
1624 258 1743 308 τότε
1776 253 1876 324 μὲν

191 342 424 410 ἡσυχίαν
477 337 609 408 ἦγε,
671 342 742 409 μὴ
797 344 1135 411 βουλόμενος
1188 341 1497 411 ἐμποδίζειν
1547 353 1660 406 τοῖς
1713 343 1875 412 ἀρετῇ

191 434 431 499 χρῆσθαι
469 437 568 481 τοῦ
608 438 914 499 στρατηγοῦ
951 429 1246 499 θέλουσιν,
1285 428 1638 499 παυσαμένου
1680 429 1740 484 δὲ
1779 440 1878 484 τοῦ

191 518 444 587 θορύβου
491 518 826 586 παραλαβὼν
871 517 962 570 καὶ
1011 517 1398 587 συμμονωθεὶς
1445 518 1804 572 ἀνεδίδασκεν
1844 519 1877 572 ἃ

192 607 293 674 χρὴ
341 615 554 672 ποιεῖν,
608 606 752 673 <68>
793 604 884 658 καὶ
931 608 1297 674 συνεβούλευε
1343 614 1437 674 τῆς
1484 604 1584 675 μὲν
1632 606 1718 659 ε’πὶ
1766 617 1879 669 τοῖς

192 693 380 760 ἥττοσι
413 696 781 763 ταλαιπωρίας
814 692 1016 763 ἑτέροις
1048 694 1320 763 ἐκστῆναι,
1359 693 1483 762 περὶ
1518 692 1579 746 δὲ
1616 705 1727 748 τῶν
1767 715 1878 764 μ-ει-

194 784 366 845 ζόνων
405 780 496 833 καὶ
534 789 628 849 τῆς
679 785 947 851 σωτηρίας
993 791 1090 836 τοῦ
1136 785 1387 851 πλήθους
1427 785 1570 853 ἔχειν
1610 784 1710 851 τὴν
1748 786 1879 852 πρό-

192 890 352 923 νοιαν
404 870 599 923 αὐτόν·
657 870 876 922 δικάσαι
931 867 1031 939 μὲν
1079 872 1181 939 γὰρ
1230 870 1478 938 ἀγαθοὺς
1525 871 1627 924 κᾶν
1679 873 1879 934 ἄλλους

185 956 456 1028 Ἑβραίων
495 958 813 1027 εὑρεθῆναι,
852 962 1144 1028 φροντίσαι
1178 956 1237 1012 δὲ
1276 961 1555 1012 τοσούτων
1595 961 1879 1028 μυριάδων

195 1049 464 1116 σωτηρίας
503 1045 604 1099 οὐκ
635 1047 805 1099 ἄλλον
839 1048 961 1099 τινὰ
1002 1048 1279 1100 δύνασθαι
1320 1049 1390 1115 μὴ
1431 1051 1686 1115 ,Μωυσῆν
1727 1051 1879 1115 γενό-

193 1154 379 1203 μενον.
468 1134 610 1200 <69>
669 1135 1102 1203 ςαἰσθανόμενος
1157 1131 1258 1188 οὗν
1321 1143 1413 1203 τῆς
1475 1135 1690 1203 ἀρετῆς’
1746 1139 1887 1204 φησί

194 1223 449 1289 (σαυτοῦ,
488 1220 579 1274 καὶ
621 1215 736 1285 οἷος
776 1221 1006 1290 γέγονας
1039 1222 1124 1275 ἐπὶ
1158 1231 1230 1294 τῷ
1274 1225 1368 1276 τὸν
1410 1226 1544 1276 λαὸν
1584 1224 1881 1292 ὑπουργῶν

191 1318 266 1382 τῷ
307 1316 422 1381 θεῷ
458 1311 666 1378 σώζειν,
706 1312 806 1378 τὴν
838 1308 936 1379 μὲν
969 1320 1080 1363 τῶν
1120 1310 1473 1379 ἐγκλημάτων
1513 1313 1728 1364 δίαιταν
1769 1311 1881 1365 ἐπί-

191 1407 396 1469 τρεψον
445 1398 630 1460 αὐτοῖς
675 1405 955 1451 ποιεῖσθαι
1004 1398 1093 1450 καὶ
1143 1397 1222 1452 ἐπ’
1272 1401 1485 1467 ἄλλων,
1538 1403 1605 1452 σὺ
1648 1398 1707 1452 δὲ
1747 1404 1882 1468 πρὸς

193 1490 334 1557 μόνῃ
367 1494 430 1555 τῇ
463 1495 561 1539 τοῦ
593 1492 733 1540 θεοῦ
766 1490 1033 1557 θεραπείᾳ
1073 1486 1314 1556 κατέχων
1356 1490 1587 1540 σεαυτὸν
1628 1488 1881 1548 διατέλει,

195 1578 366 1643 ζητῶν
399 1568 481 1636 οἷς
520 1574 588 1627 ἂν
620 1577 680 1627 τὸ
714 1580 927 1642 πλῆθος
966 1575 1323 1639 ἀπαλλάξειας
1363 1584 1456 1644 τῆς
1498 1585 1599 1629 νῦν
1639 1577 1881 1645 ἀπορίας.

195 1664 339 1731 (TO)
379 1663 688 1731 ὑποθήκαις
737 1661 797 1716 δὲ
844 1674 959 1725 ταῖς
1007 1664 1157 1732 ε’μαῖς
1195 1663 1317 1732 περὶ
1359 1674 1467 1716 τῶν
1509 1663 1881 1731 ἀνθρωπίνων

194 1752 534 1822 χρησάμενος
580 1754 677 1804 τὸν
726 1755 958 1820 στρατὸν
999 1751 1263 1815 ἐξετάσεις
1303 1752 1568 1821 ἀκριβῶς,
1620 1753 1707 1806 καὶ
1748 1756 1880 1806 κατὰ

194 1842 425 1910 μυρίους
466 1841 675 1892 τούτων
715 1838 1068 1908 κεκριμένους
1101 1843 1367 1909 ἄρχοντας
1407 1841 1727 1903 ἀποδείξεις.
1768 1839 1881 1894 εἶτα

194 1930 328 1981 κατὰ
383 1931 606 1997 χιλίους.
687 1929 828 1994 <ῖ1>
884 1930 1184 1997 διαιρήσεις
1247 1927 1306 1981 δὲ
1370 1926 1482 1996 μετ’
1545 1930 1744 1991 αὐτοὺς
1806 1933 1882 1992 εἰς

193 2020 620 2079 πεντακοσίους,
675 2014 764 2067 καὶ
811 2016 976 2068 πάλιν
1023 2019 1100 2078 εἰς
1147 2015 1368 2083 ἑκατόν,
1420 2013 1514 2068 εἶτ’
1562 2019 1639 2077 εἰς
1688 2021 1880 2085 πεντή-

195 2125 387 2172 κοντα,
434 2104 702 2172 ἄρχοντάς
741 2101 784 2154 τ’
834 2102 920 2155 ε’πὶ
960 2106 1172 2166 τούτοις
1212 2105 1417 2167 τάξεις,
1470 2107 1524 2156 οἳ
1562 2106 1694 2156 κατὰ
1736 2107 1880 2172 τριά-

193 2213 360 2246 κοντα
400 2189 759 2260 μερισθέντας
799 2193 1250 2259 διακοσμήσουσι,
1291 2191 1378 2244 καὶ
1419 2190 1533 2244 κατ’
1580 2198 1746 2245 εἴκοσι
1791 2193 1876 2246 καὶ

1906 977 1948 1007 10

1909 1416 1949 1447 15

1907 1857 1949 1887 ΞΟ

193 2283 327 2334 κατὰ
376 2279 504 2332 δέκα
554 2279 1123 2347 συναριθμουμένους.
1202 2283 1336 2332 ἔστω
1388 2280 1452 2332 δέ
1496 2303 1573 2343 τις
1621 2281 1701 2333 ἐπὶ
1759 2284 1879 2334 τού-
1907 2297 1948 2326 23

194 2390 307 2432 τοις
364 2361 474 2431 εἷς,
527 2369 628 2435 τὴν
681 2371 1057 2434 προσηγορίαν
1106 2367 1209 2420 ἀπὸ
1259 2377 1356 2421 τοῦ
1405 2379 1512 2421 τῶν
1564 2369 1880 2437 ἀρχομένων

195 2457 439 2526 ἀριθμοῦ
488 2455 797 2523 λαμβάνων.
889 2457 1030 2521 <ἶ2>
1082 2459 1137 2507 οἳ
1185 2454 1245 2508 δὲ
1301 2456 1725 2524 δοκιμασθέντες
1775 2458 1879 2510 ὑπὸ

194 2555 294 2598 τοῦ
333 2547 583 2611 πλήθους
621 2545 822 2604 παντὸς
869 2539 1009 2595 εἶναι
1051 2543 1251 2610 ἀγαθοὶ
1292 2543 1379 2596 καὶ
1422 2548 1621 2598 δίκαιοι
1663 2548 1791 2611 περί
1826 2565 1878 2597 τε

195 2643 304 2685 τῶν
345 2634 628 2700 διαφόρων
679 2631 864 2693 αὐτοῖς
902 2640 1179 2698 κρινοῦσι,
1227 2631 1329 2683 κᾶν
1373 2627 1401 2701 ᾗ
1443 2653 1491 2683 τι
1533 2636 1742 2700 μεῖζον.
1793 2632 1878 2684 ἐπὶ.

196 2724 323 2782 τοὺς
363 2720 422 2772 ἐν
463 2719 722 2786 ἀξιώματι
770 2720 869 2785 τὴν
920 2718 1038 2784 περὶ
1084 2721 1280 2771 τούτου
1322 2721 1622 2787 διάγνωσιν
1663 2719 1876 2773 ε’παιόί-
1904 2735 1947 2766 30

315 2826 338 2873 ς
373 2825 424 2862 67
455 2840 506 2855 =
535 2819 676 2862 Exod.
711 2819 857 2861 xvm
894 2825 961 2863 ιτ.
