2052 3141
874 84 1084 125 ΠΡΩΤΗ
1749 81 1818 131 47

135 219 303 289 μένον
349 218 440 272 καὶ
484 223 751 272 τελευτῶν
801 219 1063 287 διάδοχον
1113 225 1208 286 τῆς
1247 216 1414 287 ἀρχῆς
1453 223 1546 283 τῆς
1586 215 1823 284 ἐμαυτοῦ

134 311 498 375 καταλίποιμι.
576 307 758 375 <229>
785 305 903 359 ἀλλ’
944 305 1057 359 ἐπεὶ
1089 312 1230 370 θεοῦ
1262 325 1317 357 τε
1351 302 1695 373 βουλομένου
1729 306 1823 367 σὸς

133 398 308 466 πατὴρ
357 395 624 471 ἐγενόμην
670 393 762 448 καὶ
807 395 973 447 πάλιν
1021 396 1195 467 τούτῳ
1249 396 1453 447 δοκοῦν
1494 392 1829 460 ἀποτίθεμαί

134 499 228 551 σε,
282 482 414 553 φέρε
468 486 735 550 γενναίως
782 484 882 552 τὴν
929 482 1288 552 καθιέρωσιν·
1336 489 1409 552 τῷ
1462 487 1576 552 θεῷ
1618 482 1721 550 γάρ
1764 495 1822 533 σε

89 580 475 641 5παραχωρῶ,
528 573 727 640 ταύτης
780 571 1073 634 ἀξιώσαντι
1123 570 1248 641 παρ’
1303 571 1458 639 ἡμῶν
1505 579 1599 638 τῆς
1649 578 1825 637 τιμῆς,

133 658 262 712 ἀνθ’
303 656 380 713 ὧν
411 659 641 729 εὐμενὴς
672 659 870 729 γέγονέ
897 681 989 729 μοι
1021 660 1363 730 παραστάτης
1394 658 1485 712 καὶ
1525 660 1823 727 σύμμαχος,

132 757 238 802 νῦν
277 748 567 818 ἐπιτυχεῖν.
647 750 828 817 <230>
871 747 986 801 ἐπεὶ
1035 747 1083 800 δ’
1133 748 1460 816 ἐγεννήθης,
1508 748 1670 799 ἄπιθι
1716 755 1822 799 νῦν

133 837 200 890 οὐ
254 839 351 890 τὸν
405 840 595 890 κοινὸν
644 837 702 890 ἐκ
748 846 846 890 τοῦ
889 840 982 905 ζῆν
1021 840 1256 906 τρόπον,
1304 835 1420 888 ἀλλ’
1469 836 1574 887 ὑπὸ
1622 836 1823 903 πατρὸς

135 926 281 978 ι’δίου
320 931 434 996 θεςό
476 933 550 996 τῷ
597 926 819 978 πάντων
867 924 1029 994 πατρὶ
1076 928 1228 996 νόμῳ
1268 928 1470 986 θυσίας
1508 925 1822 993 προπεμπό-

69 1029 111 1061 10
135 1033 317 1082 μενος,
357 1013 511 1077 ἄξιον
544 1010 700 1083 οἶμαί
728 1029 786 1066 σε
821 1017 1108 1082 κρίναντος
1141 1013 1311 1066 αὐτοῦ
1345 1015 1475 1081 μήτε
1507 1015 1656 1083 νόσω
1690 1013 1822 1079 μήτε

133 1102 352 1176 πολέμῳ
392 1105 523 1171 μήτε
562 1104 710 1174 ἄλλω
742 1101 851 1155 τινὶ
883 1112 991 1155 τῶν
1032 1108 1249 1169 παθῶν,
1290 1102 1322 1154 ἃ
1364 1104 1691 1169 συμπίπτειν
1731 1099 1823 1151 πέ-

133 1210 309 1259 φυκεν
350 1190 693 1260 ἀνθρώποις,
733 1190 1111 1258 ἀπαλλαγῆναι
1150 1199 1249 1243 τοῦ
1289 1193 1445 1258 βιόυ,
1486 1187 1597 1258 μετ’
1645 1189 1823 1258 εὐχῶν

136 1276 195 1330 δὲ
235 1277 325 1331 καὶ
366 1280 699 1348 ἱερουργίας,
755 1279 968 1332 ἐκείνου
1009 1281 1109 1347 τὴν
1148 1279 1332 1348 ψυχὴν
1372 1279 1471 1346 τὴν
1513 1280 1615 1345 σὴν
1654 1292 1823 1347 προσ-

136 1366 432 1436 δεξομένου
483 1366 572 1419 καὶ
611 1365 737 1437 παρ’
785 1368 929 1438 αὑτῷ
971 1366 1314 1431 καθέξοντος.
1394 1367 1574 1434 <231>
1617 1368 1726 1418 ἔσει
1766 1364 1828 1418 τέ

68 1470 108 1503 15
134 1475 227 1524 μοι
267 1458 343 1518 είς
392 1458 668 1525 κηδεμόνα
713 1455 804 1509 καὶ
843 1459 1181 1525 γηροκόμον,
1234 1457 1320 1507 διὸ
1360 1457 1456 1507 καί
1491 1468 1549 1506 σε
1592 1455 1823 1522 μάλιστα

134 1542 546 1613 ἀνετρεφόμην,
600 1547 696 1598 τὸν
749 1546 888 1597 θεὸν
942 1542 1064 1596 ἀντὶ
1120 1551 1324 1596 σαυτοῦ
1378 1541 1820 1612 παρεσχημε’νος.’

132 1632 313 1699 <232>
341 1630 554 1695 Ἴσακος
587 1632 652 1685 δέ
682 1633 907 1702 (πατρὸς
938 1633 1042 1702 γὰρ
1075 1628 1144 1700 ἦν
1178 1633 1299 1685 οἴου
1333 1634 1659 1701 τετυχηκότα
1699 1651 1821 1698 γεν-

133 1729 293 1773 ναῖον
319 1721 430 1772 ἔδει
454 1723 515 1773 τὸ
551 1725 807 1790 φρόνημα
841 1719 1004 1788 εἶναι)
1040 1720 1252 1790 δέχεται
1283 1723 1418 1790 πρὸς
1449 1721 1661 1788 ἡδονὴν
1694 1722 1822 1781 τοὺς

135 1811 359 1876 λόγους,
405 1808 496 1861 καὶ
546 1811 724 1878 φήσας
770 1811 841 1872 ὡς
889 1807 1020 1863 οὐδὲ
1070 1808 1359 1877 γεγονέναι
1398 1811 1498 1876 τὴν
1539 1808 1712 1877 ἀρχὴν
1752 1804 1821 1875 ἦν

67 1914 110 1946 20
135 1898 363 1965 δίκαιος,
402 1899 453 1949 εί
488 1903 627 1951 θεοῦ
667 1897 757 1950 καὶ
789 1901 991 1968 πατρὸς
1023 1897 1206 1966 μέλλει
1246 1901 1429 1966 κρίσιν
1470 1897 1821 1949 ἀπωθεῖσθαι

132 1984 223 2038 καὶ
277 1987 349 2054 μὴ
405 1984 660 2056 παρέχειν
713 1987 881 2040 αὑτὸν
935 1997 1048 2049 τοῖς
1101 1985 1424 2056 ἀμφοτέρων
1480 1988 1822 2054 βουλήμασιν

134 2073 378 2143 ἑτοίμως,
419 2075 505 2126 ὅτε
537 2074 628 2127 καὶ
660 2078 835 2144 μόνου
874 2085 973 2128 τοῦ
1012 2077 1214 2144 πατρὸς
1252 2082 1420 2126 ταῦτα
1459 2073 1822 2143 προαιρουμέ-

132 2183 236 2215 νου
275 2164 348 2231 μὴ
388 2162 688 2217 ὑπακούειν
721 2166 915 2217 ἄδικον
947 2161 1036 2231 ἧν,
1077 2156 1328 2233 ὥρμησεν
1370 2161 1457 2215 ἐπὶ
1496 2164 1591 2214 τὸν
1632 2163 1821 2229 βωμὸν

133 2249 223 2303 καὶ
272 2252 373 2318 τὴν
429 2254 660 2320 σφαγήν.
739 2253 916 2320 <233>
965 2252 1068 2304 κᾶν
1117 2251 1365 2320 ἐπράχθη
1421 2246 1693 2319 τοῦργον,
1748 2251 1820 2317 μὴ

69 2355 111 2388 25
137 2339 364 2400 στάντος
417 2338 673 2406 ἐμποδὼν
726 2349 826 2393 τοῦ
871 2345 1026 2393 θεοῦ.
1105 2343 1209 2410 βοᾷ
1257 2340 1361 2408 γὰρ
1410 2337 1672 2406 ὀνομαστὶ
1724 2340 1820 2390 τὸν

122 2425 423 2497 ’Ἀβραμον,
462 2432 661 2496 εἴργων
693 2436 786 2495 τῆς
817 2437 916 2481 τοῦ
947 2430 1142 2491 παιδὸς
1176 2434 1402 2496 σφαγῆς.
1466 2427 1531 2479 οὐ
1563 2427 1667 2496 γὰρ
1709 2425 1822 2478 ε’πι-

133 2518 389 2584 θυμήσας
428 2516 651 2584 αἵματος
682 2515 1042 2585 ἀνθρωπίνου
1074 2519 1175 2585 τὴν
1209 2518 1427 2585 σφαγὴν
1468 2516 1613 2586 αὐτῷ
1655 2529 1823 2584 προσ-

134 2603 288 2667 τάξαι
341 2613 440 2657 τοῦ
493 2606 687 2667 παιδὸς
738 2607 956 2674 ἔλεγεν,
1018 2603 1138 2658 οὐδ’
1193 2601 1260 2658 οὗ
1314 2602 1516 2674 πατέρα
1568 2603 1823 2672 ἐποίησεν

136 2692 305 2746 αὐτὸν
366 2690 671 2762 ἀφελέσθαι
732 2693 930 2746 τούτου
986 2695 1324 2761 βουλόμενος
1378 2692 1510 2759 μετὰ
1571 2692 1823 2759 τοιαύτης

0 2778 1 2786 ’
68 2799 112 2833 30
136 2779 417 2849 ἀσεβείας,
487 2779 624 2833 ἀλλὰ
694 2782 985 2849 δοκιμάσαι
1052 2780 1237 2833 θέλων
1308 2780 1477 2832 αὐτοῦ
1545 2780 1645 2847 τὴν
1709 2780 1824 2831 διά-

257 2886 281 2935 g
314 2886 399 2925 232
426 2903 481 2917 =
507 2880 618 2924 Gen.
652 2881 780 2923 ΧΧΠ
814 2886 882 2925 10.
