2052 3141
204 73 310 125 136
819 76 1270 116 ΑΡΧΑΙΟΛΟΓΙΑΣ

202 214 365 274 γῆναι
405 204 505 275 μὲν
537 214 697 259 τοῦτο
733 214 835 259 σοῦ
866 208 1243 275 κελεύσαντος,
1283 208 1660 277 ἠπειρωθῆναι
1701 207 1761 262 δὲ
1798 207 1887 261 καὶ

201 297 262 347 τὸ
319 293 582 362 πέλαγος,
637 290 778 346 εἶναι
827 293 874 346 δ’
922 294 1053 362 ἡμῖν
1102 295 1407 364 ἀποδρᾶναι
1454 295 1543 348 καὶ
1594 295 1664 349 δι’
1712 296 1887 365 ἀέρος,

203 381 370 445 δόξαν
405 383 551 451 ἰσχύι
582 390 645 451 τῇ
681 390 747 450 σῇ
790 390 985 435 τοῦτον
1025 382 1163 450 ἡμᾶς
1204 384 1472 446 σώζεσθαι
1511 387 1607 437 τὸν
1650 384 1884 454 τρόπονῖ

287 456 492 537 ’<338>
532 478 769 522 τοσαῦτα
804 470 1120 533 ἐπιθειάσας
1158 472 1343 523 τύπτει
1383 479 1446 540 τῇ
1487 476 1748 543 βακτηρίᾳ
1787 474 1887 540 τὴν

199 558 497 625 θάλατταν,
536 557 569 624 ἣ
612 555 658 609 δ’
700 557 806 610 ὑπὸ
847 566 938 625 τῆς
977 563 1185 626 πληγῆς
1225 558 1482 626 ἀνεκόπη,
1521 559 1611 611 καὶ
1649 562 1723 621 εἰς
1763 558 1886 612 ἑαυ-
1909 571 1931 604 5

200 647 298 713 τὴν
331 645 734 714 ὑποχωρήσασα
767 647 982 713 γυμνὴν
1015 645 1208 714 ἀφίησι
1239 648 1338 714 τὴν
1370 655 1473 713 γῆν
1508 647 1639 700 ὁδὸν
1672 645 1887 715 Ἑβραί-

201 753 282 795 οις
336 729 478 785 εἶναι
531 732 622 785 καὶ
672 736 872 801 φυγήν.
958 735 1138 801 <339>
1187 737 1434 802 ,Μωυσῆς
1484 733 1531 786 δ’
1591 735 1737 803 ὁρῶν
1787 737 1888 804 τὴν

202 820 528 888 ἐπιφάνειαν
566 829 665 873 τοῦ
704 826 842 874 θεοῦ
882 820 970 873 καὶ
1010 823 1070 874 τὸ
1110 821 1345 889 πέλαγος
1385 821 1751 891 ἐκκεχωρηκὸς
1792 824 1887 875 αὐ-

201 917 313 970 τοῖς
362 915 455 975 τῆς
504 910 644 970 ι’ὄιάς
684 909 948 977 ἠπείρου,
1001 919 1214 977 πρῶτος
1254 908 1533 978 ἐνέβαινεν
1573 911 1742 979 αὐτῇ,
1796 910 1887 963 καὶ

201 999 328 1058 τοὺς
359 994 649 1065 Ἑβραίους
683 996 931 1050 ἐκέλευεν
965 997 1193 1050 ἕπεσθαι
1220 999 1310 1050 ὁιά
1342 1002 1498 1060 θείας
1530 999 1665 1052 ὁδοῦ
1697 1018 1886 1052 ποιου-

202 1083 402 1152 μένους
447 1087 545 1153 τὴν
594 1089 848 1154 πορείαν,
895 1085 986 1138 καὶ
1034 1094 1105 1157 τῷ
1154 1087 1398 1157 κινδύνῳ
1450 1096 1559 1138 τῶν
1598 1090 1887 1154 παρόντων

200 1175 477 1240 πολεμίων
509 1172 832 1241 ἡδομένους,
872 1172 961 1225 καὶ
1008 1174 1169 1242 χάριν
1214 1176 1434 1241 ε”χοντας
1475 1175 1565 1224 διὰ
1605 1175 1703 1241 τὴν
1742 1177 1887 1242 παρὰ

203 1263 371 1327 λόγον
413 1261 585 1323 οὕτως
625 1261 677 1324 ἐξ
720 1262 890 1314 αὐτοῦ
932 1264 1204 1329 σωτηρίαν
1246 1260 1636 1328 ἀναφανεῖσαν.
1706 1263 1887 1330 <340>

203 1357 312 1399 τῶν
362 1344 409 1399 δ’
458 1348 558 1400 οὐκ
613 1348 962 1415 ὀκνούντων,
1025 1347 1141 1400 ἀλλ’
1192 1346 1420 1415 ἱεμένων
1467 1350 1597 1415 μετὰ
1647 1352 1888 1419 σπουδῆς

203 1436 274 1497 ὡς
314 1438 694 1504 συμπαρόντος
733 1437 919 1498 αὐτοῖς
969 1445 1066 1489 τοῦ
1105 1442 1269 1501 θεοῦ,
1317 1439 1611 1503 μαίνεσθαι
1651 1435 1751 1505 μὲν
1791 1439 1885 1490 αὐ-

202 1525 330 1584 τοὺς
369 1524 663 1589 Αἰγύπτιοι
712 1527 770 1577 τὸ
818 1535 1036 1592 πρῶτον
1085 1524 1317 1577 ε’ὁόκουν
1371 1524 1443 1586 ὡς
1484 1523 1569 1576 ἐπὶ
1609 1527 1889 1594 πρόδηλον

203 1613 442 1679 ὄλεθρον
490 1610 863 1679 ὁρμωμένους·
914 1612 1027 1665 ἐπεὶ
1081 1611 1130 1664 δ’
1181 1611 1368 1679 ἑώρων
1410 1611 1664 1680 ἀβλαβεῖς
1703 1613 1789 1665 ἐπὶ
1831 1617 1890 1668 τὸ

202 1701 343 1751 πολὺ
399 1703 806 1768 προκεκοφότας
858 1699 945 1752 καὶ
986 1698 1159 1768 μηὸεν
1208 1701 1392 1762 αὐτοῖς
1441 1700 1704 1768 ἐμπόδιον
1752 1699 1889 1770 μηδὲ

203 1784 463 1855 δυσχερὲς
517 1786 868 1855 ἀπαντῆσαν,
925 1789 1145 1840 ὁιώκειν
1202 1789 1524 1855 ὡρμήκεσαν
1572 1788 1770 1851 αὐτοὺς
1819 1790 1891 1851 ὡς

202 1874 473 1936 κάκείνοις
515 1875 881 1942 ἠρεμήσοντος
922 1884 1018 1928 τοῦ
1058 1877 1353 1942 πελάγους,
1402 1875 1489 1927 καὶ
1529 1877 1891 1942 προτάξαντες

203 1965 302 2030 τὴν
342 1964 509 2015 ἵππον
550 1962 888 2031 κατέβαινον.
967 1966 1146 2029 <341>
1180 1962 1421 2031 Ἑβραῖοι
1465 1961 1523 2015 δὲ
1565 1968 1888 2028 καθοπλιζο-

203 2050 404 2119 μένους
451 2050 539 2102 καὶ
586 2053 681 2103 τὸν
728 2055 930 2120 χρόνον
979 2053 1055 2113 είς
1106 2059 1265 2104 τοῦτο
1315 2055 1600 2119 τρίβοντας
1639 2055 1892 2119 ἔφθασαν

204 2141 280 2200 εἰς
320 2141 420 2206 τὴν
461 2138 756 2206 ἀντιπέραν
791 2148 892 2206 γῆν
934 2139 1165 2201 ἀπαθεῖς
1206 2139 1547 2207 ἐκφυγόντες.
1627 2140 1762 2192 ὅθεν
1803 2140 1891 2192 καὶ

204 2225 675 2295 θαρραλεωτέροις
723 2226 1011 2294 συνέβαινε
1060 2230 1195 2293 πρὸς
1245 2229 1342 2294 τὴν
1385 2228 1572 2290 ὁίωξιν
1615 2229 1687 2289 ὡς
1727 2225 1893 2280 οὐδὲν

205 2313 323 2366 οὐὸ’
388 2315 568 2366 αὐτῶν
625 2314 967 2382 πεισομένων
1022 2312 1187 2366 εἶναι·
1252 2317 1431 2381 &3423
1490 2317 1780 2382 Αἰγύπτιοι,
1837 2314 1884 2367 δ’

207 2401 521 2454 ἐλάνθανον
555 2404 702 2453 ι’ὃίαν
737 2403 871 2455 ὁδὸν
899 2401 1171 2470 Ἑβραίοις
1206 2402 1572 2471 γεγενημένην
1614 2401 1731 2454 ἀλλ’
1772 2403 1893 2472 οὐχὶ
1955 2437 1966 2442 κ

206 2491 401 2557 κοινὴν
443 2489 824 2557 ἐμβαίνοντες,
865 2490 948 2542 καὶ
994 2490 1142 2559 μέχρι
1191 2495 1457 2558 σωτηρίας
1498 2501 1606 2542 τῶν
1646 2494 1893 2543 κεκινδυ-

208 2580 484 2630 νευκότων
531 2577 931 2646 πεποιημένην,
980 2577 1098 2630 ἀλλ’
1148 2578 1265 2647 οὐχὶ
1317 2577 1402 2630 καὶ
1455 2587 1566 2640 τοῖς
1614 2575 1693 2630 ἐπ’
1750 2577 1893 2630 ἀπω-

211 2667 328 2734 λείᾳ
354 2673 414 2732 τῇ
442 2667 649 2717 τούτων
674 2666 1018 2734 ὡρμημένοις
1050 2669 1355 2735 χρήσασθαι
1385 2666 1664 2718 θέλουσιν.
1714 2667 1894 2730 24:543>

207 2752 279 2812 ὡς
321 2748 423 2803 οὖν
463 2753 490 2804 ὁ
526 2763 633 2805 τῶν
667 2756 986 2821 Αἰγυπτίων
1021 2757 1246 2820 στρατὸς
1286 2756 1423 2816 ἅπας
1463 2754 1614 2815 ε’ντὸς
1658 2750 1741 2819 ἦν.
1782 2753 1891 2805 ε’πι-

325 2857 348 2903 ς
383 2857 466 2894 338
495 2874 547 2888 =
578 2853 716 2896 lexod.
754 2854 855 2895 xu'
892 2860 959 2897 21.

1913 1012 1956 1042 10

1913 1450 1954 1483 15

1916 1891 1958 1922 20

1918 2330 1959 2360 25

1919 2768 1960 2798 30
