<?xml version="1.0" encoding="UTF-8"?>
<!DOCTYPE html PUBLIC "-//W3C//DTD XHTML 1.0 Transitional//EN"
    "http://www.w3.org/TR/xhtml1/DTD/xhtml1-transitional.dtd">
<html xmlns="http://www.w3.org/1999/xhtml" xml:lang="en" lang="en">
 <head>
  <title>
</title>
<meta http-equiv="Content-Type" content="text/html;charset=utf-8" />
  <meta name='ocr-system' content='tesseract 3.04.00' />
  <meta name='ocr-capabilities' content='ocr_page ocr_carea ocr_par ocr_line ocrx_word'/>
</head>
<body>
  <div class='ocr_page' id='page_1' title='image "./flaviiiosephiope01joseuoft_0050.png"; bbox 0 0 1975 3111; ppageno 0'>
   <div class='ocr_carea' id='block_1_1' title="bbox 99 2539 121 2576">
    <p class='ocr_par' dir='ltr' id='par_1_1' title="bbox 99 2539 121 2576">
     <span class='ocr_line' id='line_1_1' title="bbox 99 2539 121 2576; baseline 0 0"><span class='ocrx_word' id='word_1_1' title='bbox 99 2539 121 2576; x_wconf 82' lang='lat'><strong>7</strong></span> 
     </span>
    </p>
   </div>
   <div class='ocr_carea' id='block_1_2' title="bbox 133 98 1200 152">
    <p class='ocr_par' dir='ltr' id='par_1_2' title="bbox 133 98 1200 152">
     <span class='ocr_line' id='line_1_2' title="bbox 133 98 1200 152; baseline -0.005 -8"><span class='ocrx_word' id='word_1_2' title='bbox 133 101 205 152; x_wconf 79' lang='grc'><em>20</em></span> <span class='ocrx_word' id='word_1_3' title='bbox 667 106 670 110; x_wconf 95' lang='grc'><strong>’</strong></span> <span class='ocrx_word' id='word_1_4' title='bbox 746 98 1200 141; x_wconf 84' lang='grc' dir='ltr'><strong>ΑΡΧΑΙΟΛΟΓΙΑΣ</strong></span> 
     </span>
    </p>
   </div>
   <div class='ocr_carea' id='block_1_3' title="bbox 132 227 1833 1889">
    <p class='ocr_par' dir='ltr' id='par_1_3' title="bbox 132 227 1824 744">
     <span class='ocr_line' id='line_1_3' title="bbox 132 227 1818 304; baseline -0.005 -16"><span class='ocrx_word' id='word_1_5' title='bbox 132 257 238 304; x_wconf 85' lang='grc' dir='ltr'><em>νην</em></span> <span class='ocrx_word' id='word_1_6' title='bbox 287 243 384 288; x_wconf 90' lang='grc' dir='ltr'><em>τοῦ</em></span> <span class='ocrx_word' id='word_1_7' title='bbox 431 237 842 301; x_wconf 80' lang='grc' dir='ltr'><em>κατακλυσμοῦ,</em></span> <span class='ocrx_word' id='word_1_8' title='bbox 893 234 1080 300; x_wconf 87' lang='grc' dir='ltr'><em>μείνας</em></span> <span class='ocrx_word' id='word_1_9' title='bbox 1130 233 1296 294; x_wconf 76' lang='grc' dir='ltr'><em>ἄλλας</em></span> <span class='ocrx_word' id='word_1_10' title='bbox 1344 228 1475 282; x_wconf 79' lang='grc' dir='ltr'><em>ἑπτὰ</em></span> <span class='ocrx_word' id='word_1_11' title='bbox 1514 227 1715 298; x_wconf 80' lang='grc' dir='ltr'><em>ἡμέρας</em></span> <span class='ocrx_word' id='word_1_12' title='bbox 1753 230 1818 281; x_wconf 80' lang='grc' dir='ltr'><em>τὰ</em></span> 
     </span>
     <span class='ocr_line' id='line_1_4' title="bbox 137 319 1820 395; baseline -0.004 -20"><span class='ocrx_word' id='word_1_13' title='bbox 137 327 245 395; x_wconf 78' lang='grc' dir='ltr'><em>ζςόα</em></span> <span class='ocrx_word' id='word_1_14' title='bbox 277 331 369 391; x_wconf 85' lang='grc' dir='ltr'><em>τῆς</em></span> <span class='ocrx_word' id='word_1_15' title='bbox 401 323 669 390; x_wconf 75' lang='grc' dir='ltr'><em>λάρνακος</em></span> <span class='ocrx_word' id='word_1_16' title='bbox 701 319 1006 390; x_wconf 80' lang='grc' dir='ltr'><em>ἐξαφίησιν,</em></span> <span class='ocrx_word' id='word_1_17' title='bbox 1046 320 1209 382; x_wconf 86' lang='grc' dir='ltr'><em>αὐτός</em></span> <span class='ocrx_word' id='word_1_18' title='bbox 1239 339 1295 372; x_wconf 91' lang='grc' dir='ltr'><em>τε</em></span> <span class='ocrx_word' id='word_1_19' title='bbox 1329 320 1460 388; x_wconf 83' lang='grc' dir='ltr'><em>μετὰ</em></span> <span class='ocrx_word' id='word_1_20' title='bbox 1499 326 1592 386; x_wconf 83' lang='grc' dir='ltr'><em>τῆς</em></span> <span class='ocrx_word' id='word_1_21' title='bbox 1631 324 1820 384; x_wconf 86' lang='grc' dir='ltr'><em>γενεᾶς</em></span> 
     </span>
     <span class='ocr_line' id='line_1_5' title="bbox 135 407 1820 480; baseline -0.005 -16"><span class='ocrx_word' id='word_1_22' title='bbox 135 411 429 480; x_wconf 85' lang='grc' dir='ltr'><em>προελθὼν</em></span> <span class='ocrx_word' id='word_1_23' title='bbox 460 408 549 461; x_wconf 89' lang='grc' dir='ltr'><em>καὶ</em></span> <span class='ocrx_word' id='word_1_24' title='bbox 581 410 760 471; x_wconf 80' lang='grc' dir='ltr'><em>θύσας</em></span> <span class='ocrx_word' id='word_1_25' title='bbox 792 410 865 479; x_wconf 76' lang='grc' dir='ltr'><em>τῷ</em></span> <span class='ocrx_word' id='word_1_26' title='bbox 897 414 1012 479; x_wconf 75' lang='grc' dir='ltr'><em>θεῷ</em></span> <span class='ocrx_word' id='word_1_27' title='bbox 1047 417 1408 477; x_wconf 83' lang='grc' dir='ltr'><em>συνευωχεῖτο</em></span> <span class='ocrx_word' id='word_1_28' title='bbox 1439 416 1554 469; x_wconf 83' lang='grc' dir='ltr'><em>τοῖς</em></span> <span class='ocrx_word' id='word_1_29' title='bbox 1586 407 1820 467; x_wconf 75' lang='grc' dir='ltr'><em>οἰκείοις.</em></span> 
     </span>
     <span class='ocr_line' id='line_1_6' title="bbox 137 492 1822 569; baseline -0.004 -17"><span class='ocrx_word' id='word_1_30' title='bbox 137 500 508 569; x_wconf 76' lang='grc' dir='ltr'><em>ἀποβατήριον</em></span> <span class='ocrx_word' id='word_1_31' title='bbox 541 496 726 566; x_wconf 91' lang='grc' dir='ltr'><em>μέντοι</em></span> <span class='ocrx_word' id='word_1_32' title='bbox 759 500 855 550; x_wconf 90' lang='grc' dir='ltr'><em>τὸν</em></span> <span class='ocrx_word' id='word_1_33' title='bbox 887 499 1056 549; x_wconf 86' lang='grc' dir='ltr'><em>τόπον</em></span> <span class='ocrx_word' id='word_1_34' title='bbox 1088 505 1285 550; x_wconf 88' lang='grc' dir='ltr'><em>τοῦτον</em></span> <span class='ocrx_word' id='word_1_35' title='bbox 1319 492 1593 563; x_wconf 79' lang='grc' dir='ltr'><em>Ἀρμένιοι</em></span> <span class='ocrx_word' id='word_1_36' title='bbox 1625 497 1822 546; x_wconf 89' lang='grc' dir='ltr'><em>καλοῦ-</em></span> 
     </span>
     <span class='ocr_line' id='line_1_7' title="bbox 138 582 1824 655; baseline -0.005 -15"><span class='ocrx_word' id='word_1_37' title='bbox 138 602 247 640; x_wconf 83' lang='grc' dir='ltr'><em>σιν’</em></span> <span class='ocrx_word' id='word_1_38' title='bbox 298 587 411 640; x_wconf 81' lang='grc' dir='ltr'><em>ἐκεῖ</em></span> <span class='ocrx_word' id='word_1_39' title='bbox 453 587 556 655; x_wconf 78' lang='grc' dir='ltr'><em>γὰρ</em></span> <span class='ocrx_word' id='word_1_40' title='bbox 604 585 984 653; x_wconf 89' lang='grc' dir='ltr'><em>ἀνασωθείσης</em></span> <span class='ocrx_word' id='word_1_41' title='bbox 1031 592 1124 652; x_wconf 85' lang='grc' dir='ltr'><em>τῆς</em></span> <span class='ocrx_word' id='word_1_42' title='bbox 1170 584 1440 651; x_wconf 73' lang='grc' dir='ltr'><em>λάρνακος</em></span> <span class='ocrx_word' id='word_1_43' title='bbox 1487 584 1563 634; x_wconf 82' lang='grc' dir='ltr'><em>ἔτι</em></span> <span class='ocrx_word' id='word_1_44' title='bbox 1610 589 1715 634; x_wconf 89' lang='grc' dir='ltr'><em>νῦν</em></span> <span class='ocrx_word' id='word_1_45' title='bbox 1767 582 1824 634; x_wconf 77' lang='grc' dir='ltr'><em>οἱ</em></span> 
     </span>
     <span class='ocr_line' id='line_1_8' title="bbox 138 671 1257 744; baseline -0.005 -16"><span class='ocrx_word' id='word_1_46' title='bbox 138 675 418 744; x_wconf 83' lang='grc' dir='ltr'><em>ἐπιχώριοι</em></span> <span class='ocrx_word' id='word_1_47' title='bbox 457 675 521 726; x_wconf 77' lang='grc' dir='ltr'><em>τὰ</em></span> <span class='ocrx_word' id='word_1_48' title='bbox 562 676 795 735; x_wconf 80' lang='grc' dir='ltr'><em>λείψανα</em></span> <span class='ocrx_word' id='word_1_49' title='bbox 836 671 1257 724; x_wconf 80' lang='grc' dir='ltr'><em>ἐπιδεικνύουσι.</em></span> 
     </span>
    </p>

    <p class='ocr_par' dir='ltr' id='par_1_4' title="bbox 138 756 1833 1889">
     <span class='ocr_line' id='line_1_9' title="bbox 287 756 1824 830; baseline -0.005 -15"><span class='ocrx_word' id='word_1_50' title='bbox 287 764 431 830; x_wconf 78' lang='grc'>&lt;93&gt;</span> <span class='ocrx_word' id='word_1_51' title='bbox 471 770 569 815; x_wconf 90' lang='grc' dir='ltr'><em>τοῦ</em></span> <span class='ocrx_word' id='word_1_52' title='bbox 610 758 669 813; x_wconf 77' lang='grc' dir='ltr'><em>δὲ</em></span> <span class='ocrx_word' id='word_1_53' title='bbox 710 765 1093 828; x_wconf 79' lang='grc' dir='ltr'><em>κατακλυσμοῦ</em></span> <span class='ocrx_word' id='word_1_54' title='bbox 1126 759 1324 812; x_wconf 89' lang='grc' dir='ltr'><em>τούτου</em></span> <span class='ocrx_word' id='word_1_55' title='bbox 1364 756 1453 810; x_wconf 87' lang='grc' dir='ltr'><em>καὶ</em></span> <span class='ocrx_word' id='word_1_56' title='bbox 1493 765 1585 825; x_wconf 84' lang='grc' dir='ltr'><em>τῆς</em></span> <span class='ocrx_word' id='word_1_57' title='bbox 1625 757 1824 824; x_wconf 88' lang='grc' dir='ltr'><em>λάρνα-</em></span> 
     </span>
     <span class='ocr_line' id='line_1_10' title="bbox 138 845 1826 920; baseline -0.005 -16"><span class='ocrx_word' id='word_1_58' title='bbox 138 872 232 914; x_wconf 88' lang='grc' dir='ltr'><em>κος</em></span> <span class='ocrx_word' id='word_1_59' title='bbox 264 849 564 920; x_wconf 88' lang='grc' dir='ltr'><em>μέμνηνται</em></span> <span class='ocrx_word' id='word_1_60' title='bbox 596 850 793 911; x_wconf 91' lang='grc' dir='ltr'><em>πάντες</em></span> <span class='ocrx_word' id='word_1_61' title='bbox 826 850 883 901; x_wconf 83' lang='grc' dir='ltr'><em>οἱ</em></span> <span class='ocrx_word' id='word_1_62' title='bbox 910 849 1003 910; x_wconf 80' lang='grc' dir='ltr'><em>τὰς</em></span> <span class='ocrx_word' id='word_1_63' title='bbox 1043 848 1377 916; x_wconf 82' lang='grc' dir='ltr'><em>βαρβαρικὰς</em></span> <span class='ocrx_word' id='word_1_64' title='bbox 1419 847 1656 912; x_wconf 76' lang='grc' dir='ltr'><em>ἱστορίας</em></span> <span class='ocrx_word' id='word_1_65' title='bbox 1696 845 1826 897; x_wconf 90' lang='grc' dir='ltr'><em>ἀνα-</em></span> 
     </span>
     <span class='ocr_line' id='line_1_11' title="bbox 139 933 1826 1009; baseline -0.005 -16"><span class='ocrx_word' id='word_1_66' title='bbox 139 942 490 1009; x_wconf 90' lang='grc' dir='ltr'><em>γεγραφότες·</em></span> <span class='ocrx_word' id='word_1_67' title='bbox 542 933 618 990; x_wconf 82' lang='grc' dir='ltr'><em>ὧν</em></span> <span class='ocrx_word' id='word_1_68' title='bbox 667 935 780 989; x_wconf 87' lang='grc' dir='ltr'><em>ε’στὶ</em></span> <span class='ocrx_word' id='word_1_69' title='bbox 826 934 917 988; x_wconf 86' lang='grc' dir='ltr'><em>καὶ</em></span> <span class='ocrx_word' id='word_1_70' title='bbox 964 937 1225 1004; x_wconf 90' lang='grc' dir='ltr'><em>Βηρωσὸς</em></span> <span class='ocrx_word' id='word_1_71' title='bbox 1273 934 1301 987; x_wconf 87' lang='grc' dir='ltr'>ὁ</span> <span class='ocrx_word' id='word_1_72' title='bbox 1352 934 1638 994; x_wconf 78' lang='grc' dir='ltr'><em>Χαλδαῖος.</em></span> <span class='ocrx_word' id='word_1_73' title='bbox 1711 933 1826 1000; x_wconf 90' lang='grc' dir='ltr'><em>διη-</em></span> 
     </span>
     <span class='ocr_line' id='line_1_12' title="bbox 140 1021 1825 1096; baseline -0.005 -15"><span class='ocrx_word' id='word_1_74' title='bbox 140 1029 409 1096; x_wconf 86' lang='grc' dir='ltr'><em>γούμενος</em></span> <span class='ocrx_word' id='word_1_75' title='bbox 463 1027 566 1094; x_wconf 76' lang='grc' dir='ltr'><em>γὰρ</em></span> <span class='ocrx_word' id='word_1_76' title='bbox 622 1027 686 1077; x_wconf 78' lang='grc' dir='ltr'><em>τὰ</em></span> <span class='ocrx_word' id='word_1_77' title='bbox 748 1022 872 1092; x_wconf 85' lang='grc' dir='ltr'><em>περὶ</em></span> <span class='ocrx_word' id='word_1_78' title='bbox 927 1026 1023 1077; x_wconf 87' lang='grc' dir='ltr'><em>τὸν</em></span> <span class='ocrx_word' id='word_1_79' title='bbox 1079 1024 1459 1090; x_wconf 89' lang='grc' dir='ltr'><em>κατακλυσμὸν</em></span> <span class='ocrx_word' id='word_1_80' title='bbox 1523 1021 1664 1074; x_wconf 82' lang='grc' dir='ltr'><em>οὕτω</em></span> <span class='ocrx_word' id='word_1_81' title='bbox 1718 1038 1825 1074; x_wconf 91' lang='grc' dir='ltr'><em>που</em></span> 
     </span>
     <span class='ocr_line' id='line_1_13' title="bbox 142 1107 1829 1182; baseline -0.005 -14"><span class='ocrx_word' id='word_1_82' title='bbox 142 1114 385 1179; x_wconf 77' lang='grc' dir='ltr'><em>διέξεισι·</em></span> <span class='ocrx_word' id='word_1_83' title='bbox 436 1112 672 1182; x_wconf 50' lang='grc' dir='ltr'><em>(λέγεται</em></span> <span class='ocrx_word' id='word_1_84' title='bbox 721 1110 779 1165; x_wconf 75' lang='grc' dir='ltr'><em>δὲ</em></span> <span class='ocrx_word' id='word_1_85' title='bbox 827 1111 915 1165; x_wconf 88' lang='grc' dir='ltr'><em>καὶ</em></span> <span class='ocrx_word' id='word_1_86' title='bbox 963 1121 1060 1166; x_wconf 87' lang='grc' dir='ltr'><em>τοῦ</em></span> <span class='ocrx_word' id='word_1_87' title='bbox 1107 1115 1302 1165; x_wconf 84' lang='grc' dir='ltr'><em>πλοίου</em></span> <span class='ocrx_word' id='word_1_88' title='bbox 1352 1110 1410 1163; x_wconf 84' lang='grc' dir='ltr'><em>ἐν</em></span> <span class='ocrx_word' id='word_1_89' title='bbox 1462 1117 1523 1179; x_wconf 77' lang='grc' dir='ltr'><em>τῇ</em></span> <span class='ocrx_word' id='word_1_90' title='bbox 1575 1107 1829 1179; x_wconf 81' lang='grc' dir='ltr'><em>Ἀρμενίᾳ</em></span> 
     </span>
     <span class='ocr_line' id='line_1_14' title="bbox 141 1194 1824 1274; baseline -0.005 -18"><span class='ocrx_word' id='word_1_91' title='bbox 141 1207 276 1273; x_wconf 87' lang='grc' dir='ltr'><em>πρὸς</em></span> <span class='ocrx_word' id='word_1_92' title='bbox 315 1212 387 1274; x_wconf 77' lang='grc' dir='ltr'><em>τῷ</em></span> <span class='ocrx_word' id='word_1_93' title='bbox 431 1205 545 1271; x_wconf 83' lang='grc' dir='ltr'><em>ὄρει</em></span> <span class='ocrx_word' id='word_1_94' title='bbox 586 1212 694 1255; x_wconf 84' lang='grc' dir='ltr'><em>τῶν</em></span> <span class='ocrx_word' id='word_1_95' title='bbox 736 1203 1068 1269; x_wconf 85' lang='grc' dir='ltr'><em>Κορδυαίων</em></span> <span class='ocrx_word' id='word_1_96' title='bbox 1121 1202 1196 1252; x_wconf 82' lang='grc' dir='ltr'><em>ἔτι</em></span> <span class='ocrx_word' id='word_1_97' title='bbox 1237 1199 1399 1268; x_wconf 82' lang='grc' dir='ltr'><em>μέρος</em></span> <span class='ocrx_word' id='word_1_98' title='bbox 1438 1219 1487 1250; x_wconf 94' lang='grc' dir='ltr'><em>τι</em></span> <span class='ocrx_word' id='word_1_99' title='bbox 1527 1194 1694 1265; x_wconf 84' lang='grc' dir='ltr'><em>εἶναι,</em></span> <span class='ocrx_word' id='word_1_100' title='bbox 1741 1195 1824 1249; x_wconf 83' lang='grc' dir='ltr'><em>καὶ</em></span> 
     </span>
     <span class='ocr_line' id='line_1_15' title="bbox 141 1281 1829 1361; baseline -0.005 -16"><span class='ocrx_word' id='word_1_101' title='bbox 141 1295 380 1361; x_wconf 80' lang='grc' dir='ltr'><em>κομίζειν</em></span> <span class='ocrx_word' id='word_1_102' title='bbox 412 1292 564 1353; x_wconf 77' lang='grc' dir='ltr'><em>τινας</em></span> <span class='ocrx_word' id='word_1_103' title='bbox 595 1298 687 1358; x_wconf 87' lang='grc' dir='ltr'><em>τῆς</em></span> <span class='ocrx_word' id='word_1_104' title='bbox 723 1289 1005 1358; x_wconf 74' lang='grc' dir='ltr'><em>ἀσφάλτου</em></span> <span class='ocrx_word' id='word_1_105' title='bbox 1046 1288 1430 1357; x_wconf 80' lang='grc' dir='ltr'><em>ἀφαιροῦντας.</em></span> <span class='ocrx_word' id='word_1_106' title='bbox 1493 1295 1727 1356; x_wconf 87' lang='grc' dir='ltr'><em>χρῶνται</em></span> <span class='ocrx_word' id='word_1_107' title='bbox 1770 1281 1829 1336; x_wconf 76' lang='grc' dir='ltr'><em>δὲ</em></span> 
     </span>
     <span class='ocr_line' id='line_1_16' title="bbox 143 1372 1830 1449; baseline -0.005 -16"><span class='ocrx_word' id='word_1_108' title='bbox 143 1382 373 1449; x_wconf 87' lang='grc' dir='ltr'><em>μάλιστα</em></span> <span class='ocrx_word' id='word_1_109' title='bbox 422 1379 478 1432; x_wconf 79' lang='grc' dir='ltr'><em>οἱ</em></span> <span class='ocrx_word' id='word_1_110' title='bbox 525 1380 813 1444; x_wconf 77' lang='grc' dir='ltr'><em>ἄνθρωποι</em></span> <span class='ocrx_word' id='word_1_111' title='bbox 861 1385 933 1447; x_wconf 79' lang='grc' dir='ltr'><em>τῷ</em></span> <span class='ocrx_word' id='word_1_112' title='bbox 984 1374 1320 1447; x_wconf 79' lang='grc' dir='ltr'><em>κομιζομένῳ</em></span> <span class='ocrx_word' id='word_1_113' title='bbox 1360 1376 1494 1442; x_wconf 90' lang='grc' dir='ltr'><em>πρὸς</em></span> <span class='ocrx_word' id='word_1_114' title='bbox 1533 1376 1660 1434; x_wconf 90' lang='grc' dir='ltr'><em>τοὺς</em></span> <span class='ocrx_word' id='word_1_115' title='bbox 1700 1372 1830 1425; x_wconf 87' lang='grc' dir='ltr'><em>ἀπο-</em></span> 
     </span>
     <span class='ocr_line' id='line_1_17' title="bbox 142 1459 1831 1537; baseline -0.005 -16"><span class='ocrx_word' id='word_1_116' title='bbox 142 1466 553 1537; x_wconf 80' lang='grc' dir='ltr'><em>τροπιασμούς.’</em></span> <span class='ocrx_word' id='word_1_117' title='bbox 616 1467 757 1532; x_wconf 76' lang='grc'>&lt;94&gt;</span> <span class='ocrx_word' id='word_1_118' title='bbox 798 1464 1062 1533; x_wconf 87' lang='grc' dir='ltr'><em>μέμνηται</em></span> <span class='ocrx_word' id='word_1_119' title='bbox 1105 1461 1162 1516; x_wconf 76' lang='grc' dir='ltr'><em>δὲ</em></span> <span class='ocrx_word' id='word_1_120' title='bbox 1211 1464 1422 1516; x_wconf 88' lang='grc' dir='ltr'><em>τούτων</em></span> <span class='ocrx_word' id='word_1_121' title='bbox 1463 1460 1549 1514; x_wconf 87' lang='grc' dir='ltr'><em>καὶ</em></span> <span class='ocrx_word' id='word_1_122' title='bbox 1583 1459 1831 1527; x_wconf 85' lang='grc' dir='ltr'><em>Ἱερώνυ-</em></span> 
     </span>
     <span class='ocr_line' id='line_1_18' title="bbox 145 1550 1833 1625; baseline -0.007 -14"><span class='ocrx_word' id='word_1_123' title='bbox 145 1577 243 1625; x_wconf 90' lang='grc' dir='ltr'><em>μος</em></span> <span class='ocrx_word' id='word_1_124' title='bbox 283 1558 311 1610; x_wconf 88' lang='grc' dir='ltr'>ὁ</span> <span class='ocrx_word' id='word_1_125' title='bbox 354 1557 682 1622; x_wconf 74' lang='grc' dir='ltr'><em>Αἰγύπτιος,</em></span> <span class='ocrx_word' id='word_1_126' title='bbox 724 1554 752 1606; x_wconf 88' lang='grc' dir='ltr'>ὁ</span> <span class='ocrx_word' id='word_1_127' title='bbox 795 1555 894 1620; x_wconf 91' lang='grc' dir='ltr'><em>τὴν</em></span> <span class='ocrx_word' id='word_1_128' title='bbox 935 1552 1324 1621; x_wconf 78' lang='grc' dir='ltr'><em>ἀρχαιολογίαν</em></span> <span class='ocrx_word' id='word_1_129' title='bbox 1366 1552 1464 1618; x_wconf 85' lang='grc' dir='ltr'><em>τὴν</em></span> <span class='ocrx_word' id='word_1_130' title='bbox 1507 1550 1833 1616; x_wconf 84' lang='grc' dir='ltr'><em>Φοινικικὴν</em></span> 
     </span>
     <span class='ocr_line' id='line_1_19' title="bbox 146 1637 1832 1713; baseline -0.005 -16"><span class='ocrx_word' id='word_1_131' title='bbox 146 1644 629 1713; x_wconf 76' lang='grc' dir='ltr'><em>συγγραψάμενος,</em></span> <span class='ocrx_word' id='word_1_132' title='bbox 681 1640 769 1693; x_wconf 87' lang='grc' dir='ltr'><em>καὶ</em></span> <span class='ocrx_word' id='word_1_133' title='bbox 824 1639 1085 1702; x_wconf 61' lang='grc' dir='ltr'><em>,Μνασέας</em></span> <span class='ocrx_word' id='word_1_134' title='bbox 1136 1637 1193 1692; x_wconf 77' lang='grc' dir='ltr'><em>δὲ</em></span> <span class='ocrx_word' id='word_1_135' title='bbox 1243 1638 1331 1691; x_wconf 84' lang='grc' dir='ltr'><em>καὶ</em></span> <span class='ocrx_word' id='word_1_136' title='bbox 1389 1640 1545 1690; x_wconf 75' lang='grc' dir='ltr'><em>ἄλλοι</em></span> <span class='ocrx_word' id='word_1_137' title='bbox 1597 1640 1832 1699; x_wconf 86' lang='grc' dir='ltr'><em>πλείους.</em></span> 
     </span>
     <span class='ocr_line' id='line_1_20' title="bbox 146 1723 1829 1797; baseline -0.004 -13"><span class='ocrx_word' id='word_1_138' title='bbox 146 1731 236 1785; x_wconf 83' lang='grc' dir='ltr'><em>καὶ</em></span> <span class='ocrx_word' id='word_1_139' title='bbox 276 1734 554 1792; x_wconf 88' lang='grc' dir='ltr'><em>Νικόλαος</em></span> <span class='ocrx_word' id='word_1_140' title='bbox 595 1727 653 1781; x_wconf 73' lang='grc' dir='ltr'><em>δὲ</em></span> <span class='ocrx_word' id='word_1_141' title='bbox 697 1730 724 1782; x_wconf 93' lang='grc' dir='ltr'>ὁ</span> <span class='ocrx_word' id='word_1_142' title='bbox 769 1731 1136 1797; x_wconf 80' lang='grc' dir='ltr'><em>Δαμασκηνὸς</em></span> <span class='ocrx_word' id='word_1_143' title='bbox 1177 1727 1235 1779; x_wconf 81' lang='grc' dir='ltr'><em>ἐν</em></span> <span class='ocrx_word' id='word_1_144' title='bbox 1276 1735 1335 1795; x_wconf 72' lang='grc' dir='ltr'><em>τῇ</em></span> <span class='ocrx_word' id='word_1_145' title='bbox 1379 1726 1703 1794; x_wconf 71' lang='grc' dir='ltr'><em>ἐνενηκοστῇ</em></span> <span class='ocrx_word' id='word_1_146' title='bbox 1745 1723 1829 1777; x_wconf 81' lang='grc' dir='ltr'><em>καὶ</em></span> 
     </span>
     <span class='ocr_line' id='line_1_21' title="bbox 147 1814 1831 1889; baseline -0.004 -17"><span class='ocrx_word' id='word_1_147' title='bbox 147 1819 270 1889; x_wconf 81' lang='grc' dir='ltr'><em>ἕκτῃ</em></span> <span class='ocrx_word' id='word_1_148' title='bbox 312 1822 485 1888; x_wconf 83' lang='grc' dir='ltr'><em>βίβλῳ</em></span> <span class='ocrx_word' id='word_1_149' title='bbox 545 1819 750 1885; x_wconf 75' lang='grc' dir='ltr'><em>ΐστορεῖ</em></span> <span class='ocrx_word' id='word_1_150' title='bbox 794 1815 917 1884; x_wconf 88' lang='grc' dir='ltr'><em>περὶ</em></span> <span class='ocrx_word' id='word_1_151' title='bbox 968 1817 1176 1881; x_wconf 81' lang='grc' dir='ltr'><em>αὐτῶν,</em></span> <span class='ocrx_word' id='word_1_152' title='bbox 1225 1814 1400 1882; x_wconf 86' lang='grc' dir='ltr'><em>λέγων</em></span> <span class='ocrx_word' id='word_1_153' title='bbox 1442 1815 1634 1876; x_wconf 80' lang='grc' dir='ltr'><em>οὕτως·</em></span> <span class='ocrx_word' id='word_1_154' title='bbox 1691 1814 1831 1880; x_wconf 77' lang='lat'>(95)</span> 
     </span>
    </p>
   </div>
   <div class='ocr_carea' id='block_1_4' title="bbox 148 1899 1878 1974">
    <p class='ocr_par' dir='ltr' id='par_1_5' title="bbox 148 1899 1878 1974">
     <span class='ocr_line' id='line_1_22' title="bbox 148 1899 1878 1974; baseline -0.005 -14"><span class='ocrx_word' id='word_1_155' title='bbox 148 1907 317 1961; x_wconf 52' lang='grc' dir='ltr'><em>ρἔστιν</em></span> <span class='ocrx_word' id='word_1_156' title='bbox 363 1904 500 1974; x_wconf 72' lang='grc' dir='ltr'><em>ὑπὲρ</em></span> <span class='ocrx_word' id='word_1_157' title='bbox 541 1909 640 1974; x_wconf 86' lang='grc' dir='ltr'><em>τὴν</em></span> <span class='ocrx_word' id='word_1_158' title='bbox 680 1906 944 1957; x_wconf 62' lang='grc' dir='ltr'><em>ιΜιλυάδα</em></span> <span class='ocrx_word' id='word_1_159' title='bbox 985 1904 1119 1972; x_wconf 86' lang='grc' dir='ltr'><em>μέγα</em></span> <span class='ocrx_word' id='word_1_160' title='bbox 1161 1906 1288 1971; x_wconf 82' lang='grc' dir='ltr'><em>ὅρος</em></span> <span class='ocrx_word' id='word_1_161' title='bbox 1327 1904 1459 1955; x_wconf 73' lang='grc' dir='ltr'><em>κατὰ</em></span> <span class='ocrx_word' id='word_1_162' title='bbox 1500 1904 1598 1969; x_wconf 83' lang='grc' dir='ltr'><em>τὴν</em></span> <span class='ocrx_word' id='word_1_163' title='bbox 1650 1899 1834 1968; x_wconf 68' lang='grc' dir='ltr'><em>Ἀρμε-</em></span> <span class='ocrx_word' id='word_1_164' title='bbox 1861 1917 1878 1945; x_wconf 72' lang='lat'><em>2</em></span> 
     </span>
    </p>
   </div>
   <div class='ocr_carea' id='block_1_5' title="bbox 149 1992 1840 2937">
    <p class='ocr_par' dir='ltr' id='par_1_6' title="bbox 149 1992 1837 2503">
     <span class='ocr_line' id='line_1_23' title="bbox 149 1992 1836 2061; baseline -0.005 -13"><span class='ocrx_word' id='word_1_165' title='bbox 149 1999 302 2061; x_wconf 90' lang='grc' dir='ltr'><em>νιάν,</em></span> <span class='ocrx_word' id='word_1_166' title='bbox 349 1999 517 2061; x_wconf 83' lang='grc' dir='ltr'><em>Βᾶρις</em></span> <span class='ocrx_word' id='word_1_167' title='bbox 564 1995 886 2061; x_wconf 82' lang='grc' dir='ltr'><em>λεγόμενον,</em></span> <span class='ocrx_word' id='word_1_168' title='bbox 938 1994 1014 2054; x_wconf 78' lang='grc' dir='ltr'><em>εἰς</em></span> <span class='ocrx_word' id='word_1_169' title='bbox 1073 1992 1100 2043; x_wconf 86' lang='grc' dir='ltr'><strong><em>ὃ</em></strong></span> <span class='ocrx_word' id='word_1_170' title='bbox 1156 1994 1393 2052; x_wconf 81' lang='grc' dir='ltr'><em>πολλοὺς</em></span> <span class='ocrx_word' id='word_1_171' title='bbox 1449 1992 1836 2057; x_wconf 82' lang='grc' dir='ltr'><em>συμφυγόντας</em></span> 
     </span>
     <span class='ocr_line' id='line_1_24' title="bbox 152 2080 1835 2149; baseline -0.006 -13"><span class='ocrx_word' id='word_1_172' title='bbox 152 2083 237 2136; x_wconf 82' lang='grc' dir='ltr'><em>ἐπὶ</em></span> <span class='ocrx_word' id='word_1_173' title='bbox 271 2092 368 2136; x_wconf 89' lang='grc' dir='ltr'><em>τοῦ</em></span> <span class='ocrx_word' id='word_1_174' title='bbox 401 2087 784 2149; x_wconf 80' lang='grc' dir='ltr'><em>κατακλυσμοῦ</em></span> <span class='ocrx_word' id='word_1_175' title='bbox 818 2083 978 2147; x_wconf 84' lang='grc' dir='ltr'><em>λόγος</em></span> <span class='ocrx_word' id='word_1_176' title='bbox 1010 2082 1117 2149; x_wconf 80' lang='grc' dir='ltr'><em>ἔχει</em></span> <span class='ocrx_word' id='word_1_177' title='bbox 1150 2084 1546 2146; x_wconf 78' lang='grc' dir='ltr'><em>περισωθῆναι,</em></span> <span class='ocrx_word' id='word_1_178' title='bbox 1586 2080 1680 2128; x_wconf 86' lang='grc' dir='ltr'><em>καί</em></span> <span class='ocrx_word' id='word_1_179' title='bbox 1716 2097 1835 2127; x_wconf 88' lang='grc' dir='ltr'><em>τινα</em></span> 
     </span>
     <span class='ocr_line' id='line_1_25' title="bbox 151 2165 1835 2239; baseline -0.005 -15"><span class='ocrx_word' id='word_1_180' title='bbox 151 2170 237 2224; x_wconf 84' lang='grc' dir='ltr'><em>ἐπὶ</em></span> <span class='ocrx_word' id='word_1_181' title='bbox 295 2171 562 2239; x_wconf 79' lang='grc' dir='ltr'><em>λάρνακος</em></span> <span class='ocrx_word' id='word_1_182' title='bbox 610 2170 915 2238; x_wconf 83' lang='grc' dir='ltr'><em>ὀχούμενον</em></span> <span class='ocrx_word' id='word_1_183' title='bbox 973 2167 1054 2220; x_wconf 81' lang='grc' dir='ltr'><em>ἐπὶ</em></span> <span class='ocrx_word' id='word_1_184' title='bbox 1106 2170 1204 2235; x_wconf 79' lang='grc' dir='ltr'><em>τὴν</em></span> <span class='ocrx_word' id='word_1_185' title='bbox 1252 2167 1557 2234; x_wconf 83' lang='grc' dir='ltr'><em>ἀκρώρειαν</em></span> <span class='ocrx_word' id='word_1_186' title='bbox 1611 2165 1835 2230; x_wconf 81' lang='grc' dir='ltr'><em>ὀκεῖλαι,</em></span> 
     </span>
     <span class='ocr_line' id='line_1_26' title="bbox 151 2251 1833 2320; baseline -0.004 -9"><span class='ocrx_word' id='word_1_187' title='bbox 151 2258 240 2311; x_wconf 86' lang='grc' dir='ltr'><em>καὶ</em></span> <span class='ocrx_word' id='word_1_188' title='bbox 280 2260 343 2311; x_wconf 78' lang='grc' dir='ltr'><em>τα</em></span> <span class='ocrx_word' id='word_1_189' title='bbox 379 2262 607 2319; x_wconf 79' lang='grc' dir='ltr'><em>λείψανα</em></span> <span class='ocrx_word' id='word_1_190' title='bbox 640 2267 747 2309; x_wconf 88' lang='grc' dir='ltr'><em>τῶν</em></span> <span class='ocrx_word' id='word_1_191' title='bbox 783 2258 963 2319; x_wconf 80' lang='grc' dir='ltr'><em>ξύλων</em></span> <span class='ocrx_word' id='word_1_192' title='bbox 998 2254 1082 2308; x_wconf 83' lang='grc' dir='ltr'><em>ἐπὶ</em></span> <span class='ocrx_word' id='word_1_193' title='bbox 1116 2258 1255 2308; x_wconf 81' lang='grc' dir='ltr'><em>πολὺ</em></span> <span class='ocrx_word' id='word_1_194' title='bbox 1291 2260 1556 2320; x_wconf 78' lang='grc' dir='ltr'><em>σωθῆναι.</em></span> <span class='ocrx_word' id='word_1_195' title='bbox 1621 2251 1833 2319; x_wconf 83' lang='grc' dir='ltr'><em>γένοιτο</em></span> 
     </span>
     <span class='ocr_line' id='line_1_27' title="bbox 155 2339 1837 2410; baseline -0.005 -10"><span class='ocrx_word' id='word_1_196' title='bbox 155 2346 202 2400; x_wconf 84' lang='grc' dir='ltr'><em>δ’</em></span> <span class='ocrx_word' id='word_1_197' title='bbox 251 2347 318 2399; x_wconf 79' lang='grc' dir='ltr'><em>ἂν</em></span> <span class='ocrx_word' id='word_1_198' title='bbox 352 2343 510 2407; x_wconf 87' lang='grc' dir='ltr'><em>οὗτος</em></span> <span class='ocrx_word' id='word_1_199' title='bbox 543 2346 731 2397; x_wconf 81' lang='grc' dir='ltr'><em>ὅντινα</em></span> <span class='ocrx_word' id='word_1_200' title='bbox 757 2343 843 2396; x_wconf 82' lang='grc' dir='ltr'><em>καὶ</em></span> <span class='ocrx_word' id='word_1_201' title='bbox 873 2347 1116 2410; x_wconf 66' lang='grc' dir='ltr'><em>,Μωυσῆς</em></span> <span class='ocrx_word' id='word_1_202' title='bbox 1155 2342 1462 2409; x_wconf 75' lang='grc' dir='ltr'><em>ἀνέγραψεν</em></span> <span class='ocrx_word' id='word_1_203' title='bbox 1496 2342 1524 2394; x_wconf 83' lang='grc' dir='ltr'><strong>ὁ</strong></span> <span class='ocrx_word' id='word_1_204' title='bbox 1554 2339 1837 2394; x_wconf 80' lang='grc' dir='ltr'><em>Ἰουδαίων</em></span> 
     </span>
     <span class='ocr_line' id='line_1_28' title="bbox 153 2433 491 2503; baseline -0.006 -16"><span class='ocrx_word' id='word_1_205' title='bbox 153 2433 491 2503; x_wconf 88' lang='grc' dir='ltr'><em>νομοθέτης.’</em></span> 
     </span>
    </p>

    <p class='ocr_par' dir='ltr' id='par_1_7' title="bbox 158 2515 1840 2852">
     <span class='ocr_line' id='line_1_29' title="bbox 307 2515 1840 2589; baseline -0.004 -16"><span class='ocrx_word' id='word_1_206' title='bbox 307 2523 448 2588; x_wconf 67' lang='grc'>&lt;96&gt;</span> <span class='ocrx_word' id='word_1_207' title='bbox 484 2523 675 2583; x_wconf 85' lang='grc' dir='ltr'><em>Νώεος</em></span> <span class='ocrx_word' id='word_1_208' title='bbox 708 2518 766 2573; x_wconf 74' lang='grc' dir='ltr'><em>δὲ</em></span> <span class='ocrx_word' id='word_1_209' title='bbox 800 2522 1145 2589; x_wconf 83' lang='grc' dir='ltr'><em>φοβούμενος</em></span> <span class='ocrx_word' id='word_1_210' title='bbox 1178 2520 1248 2586; x_wconf 82' lang='grc' dir='ltr'><em>μὴ</em></span> <span class='ocrx_word' id='word_1_211' title='bbox 1290 2515 1415 2570; x_wconf 86' lang='grc' dir='ltr'><em>καθ’</em></span> <span class='ocrx_word' id='word_1_212' title='bbox 1456 2516 1682 2569; x_wconf 76' lang='grc' dir='ltr'><em>ἕκαστον</em></span> <span class='ocrx_word' id='word_1_213' title='bbox 1723 2518 1840 2577; x_wconf 82' lang='grc' dir='ltr'><em>ἔτος</em></span> 
     </span>
     <span class='ocr_line' id='line_1_30' title="bbox 159 2605 1839 2679; baseline -0.006 -16"><span class='ocrx_word' id='word_1_214' title='bbox 159 2610 413 2679; x_wconf 77' lang='grc' dir='ltr'><em>ἐπικλύζῃ</em></span> <span class='ocrx_word' id='word_1_215' title='bbox 454 2610 552 2676; x_wconf 86' lang='grc' dir='ltr'><em>τὴν</em></span> <span class='ocrx_word' id='word_1_216' title='bbox 595 2617 695 2676; x_wconf 79' lang='grc' dir='ltr'><em>γῆν</em></span> <span class='ocrx_word' id='word_1_217' title='bbox 730 2609 757 2662; x_wconf 87' lang='grc' dir='ltr'>ὁ</span> <span class='ocrx_word' id='word_1_218' title='bbox 796 2612 945 2670; x_wconf 81' lang='grc' dir='ltr'><em>θεός,</em></span> <span class='ocrx_word' id='word_1_219' title='bbox 985 2608 1208 2675; x_wconf 73' lang='grc' dir='ltr'><em>φθορὰν</em></span> <span class='ocrx_word' id='word_1_220' title='bbox 1249 2605 1563 2672; x_wconf 82' lang='grc' dir='ltr'><em>ἀνθρώπων</em></span> <span class='ocrx_word' id='word_1_221' title='bbox 1603 2614 1839 2670; x_wconf 70' lang='grc' dir='ltr'><em>καταψη-</em></span> 
     </span>
     <span class='ocr_line' id='line_1_31' title="bbox 158 2693 1839 2766; baseline -0.005 -16"><span class='ocrx_word' id='word_1_222' title='bbox 158 2699 483 2766; x_wconf 79' lang='grc' dir='ltr'><em>φισάμενος,</em></span> <span class='ocrx_word' id='word_1_223' title='bbox 534 2697 699 2762; x_wconf 75' lang='grc' dir='ltr'><em>ι”ερεῖα</em></span> <span class='ocrx_word' id='word_1_224' title='bbox 740 2697 943 2758; x_wconf 80' lang='grc' dir='ltr'><em>καύσας</em></span> <span class='ocrx_word' id='word_1_225' title='bbox 984 2695 1156 2747; x_wconf 77' lang='grc' dir='ltr'><em>ἐδεῖτο</em></span> <span class='ocrx_word' id='word_1_226' title='bbox 1197 2702 1293 2746; x_wconf 83' lang='grc' dir='ltr'><em>τοῦ</em></span> <span class='ocrx_word' id='word_1_227' title='bbox 1334 2698 1528 2745; x_wconf 86' lang='grc' dir='ltr'><em>λοιποῦ</em></span> <span class='ocrx_word' id='word_1_228' title='bbox 1568 2693 1662 2744; x_wconf 89' lang='grc' dir='ltr'><em>τὸν</em></span> <span class='ocrx_word' id='word_1_229' title='bbox 1703 2693 1839 2743; x_wconf 80' lang='grc' dir='ltr'><em>θεὸν</em></span> 
     </span>
     <span class='ocr_line' id='line_1_32' title="bbox 161 2778 1838 2852; baseline -0.003 -15"><span class='ocrx_word' id='word_1_230' title='bbox 161 2784 245 2837; x_wconf 85' lang='grc' dir='ltr'><em>ἐπὶ</em></span> <span class='ocrx_word' id='word_1_231' title='bbox 285 2793 376 2852; x_wconf 82' lang='grc' dir='ltr'><em>τῆς</em></span> <span class='ocrx_word' id='word_1_232' title='bbox 415 2786 627 2852; x_wconf 77' lang='grc' dir='ltr'><em>πρώτης</em></span> <span class='ocrx_word' id='word_1_233' title='bbox 666 2782 852 2851; x_wconf 85' lang='grc' dir='ltr'><em>μένειν</em></span> <span class='ocrx_word' id='word_1_234' title='bbox 892 2783 1153 2845; x_wconf 74' lang='grc' dir='ltr'><em>εὐταξίας,</em></span> <span class='ocrx_word' id='word_1_235' title='bbox 1193 2780 1277 2833; x_wconf 75' lang='grc' dir='ltr'><em>καὶ</em></span> <span class='ocrx_word' id='word_1_236' title='bbox 1322 2778 1493 2848; x_wconf 70' lang='grc' dir='ltr'><em>μηδὲν</em></span> <span class='ocrx_word' id='word_1_237' title='bbox 1532 2781 1605 2831; x_wconf 78' lang='grc' dir='ltr'><em>ἔτι</em></span> <span class='ocrx_word' id='word_1_238' title='bbox 1650 2786 1838 2832; x_wconf 88' lang='grc' dir='ltr'><em>τοσοῦ-</em></span> 
     </span>
    </p>

    <p class='ocr_par' dir='ltr' id='par_1_8' title="bbox 280 2883 851 2937">
     <span class='ocr_line' id='line_1_33' title="bbox 280 2883 851 2937; baseline 0 -9"><span class='ocrx_word' id='word_1_239' title='bbox 280 2889 303 2937; x_wconf 62' lang='grc' dir='ltr'>ξ</span> <span class='ocrx_word' id='word_1_240' title='bbox 337 2889 390 2927; x_wconf 68' lang='grc'><em>9-3</em></span> <span class='ocrx_word' id='word_1_241' title='bbox 421 2906 473 2919; x_wconf 86' lang='lat'>=</span> <span class='ocrx_word' id='word_1_242' title='bbox 499 2884 608 2926; x_wconf 68' lang='lat' dir='ltr'>Gen.</span> <span class='ocrx_word' id='word_1_243' title='bbox 645 2883 749 2925; x_wconf 76' lang='lat' dir='ltr'>Vlll</span> <span class='ocrx_word' id='word_1_244' title='bbox 787 2891 851 2928; x_wconf 86' lang='lat'><em>13.</em></span> 
     </span>
    </p>
   </div>
   <div class='ocr_carea' id='block_1_6' title="bbox 1853 1034 1893 1065">
    <p class='ocr_par' dir='ltr' id='par_1_9' title="bbox 1853 1034 1893 1065">
     <span class='ocr_line' id='line_1_34' title="bbox 1853 1034 1893 1065; baseline 0 0"><span class='ocrx_word' id='word_1_245' title='bbox 1853 1034 1893 1065; x_wconf 88' lang='lat'><em>10</em></span> 
     </span>
    </p>
   </div>
   <div class='ocr_carea' id='block_1_7' title="bbox 1859 1475 1896 1505">
    <p class='ocr_par' dir='ltr' id='par_1_10' title="bbox 1859 1475 1896 1505">
     <span class='ocr_line' id='line_1_35' title="bbox 1859 1475 1896 1505; baseline 0.027 -1"><span class='ocrx_word' id='word_1_246' title='bbox 1859 1475 1896 1505; x_wconf 82' lang='lat'><em>15</em></span> 
     </span>
    </p>
   </div>
   <div class='ocr_carea' id='block_1_8' title="bbox 1862 2355 1902 2386">
    <p class='ocr_par' dir='ltr' id='par_1_11' title="bbox 1862 2355 1902 2386">
     <span class='ocr_line' id='line_1_36' title="bbox 1862 2355 1902 2386; baseline -0.025 0"><span class='ocrx_word' id='word_1_247' title='bbox 1862 2355 1902 2386; x_wconf 70' lang='lat'><em>25</em></span> 
     </span>
    </p>
   </div>
   <div class='ocr_carea' id='block_1_9' title="bbox 1864 2794 1906 2825">
    <p class='ocr_par' dir='ltr' id='par_1_12' title="bbox 1864 2794 1906 2825">
     <span class='ocr_line' id='line_1_37' title="bbox 1864 2794 1906 2825; baseline -0.095 0"><span class='ocrx_word' id='word_1_248' title='bbox 1864 2794 1906 2825; x_wconf 80' lang='lat'><em>80</em></span> 
     </span>
    </p>
   </div>
  </div>
 </body>
</html>
