2052 3141
175 106 283 172 102
787 123 1241 165 APXAJOAOPIA2:

173 254 399 308 ἐκείνων
439 257 708 323 λαβόντας
745 256 984 324 ἥδεσθαι
1023 261 1260 324 μᾶλλον,
1312 265 1404 325 τῆς
1441 255 1550 311 τότ’
1598 258 1860 327 ἀβουλίας

172 346 249 406 εἰς
287 353 540 398 τοιοῦτον
582 343 857 413 ἐλθούσης
894 343 1072 413 τέλος,
1119 346 1150 414 ἢ
1192 347 1495 415 δυσφορεῖν
1536 347 1860 417 αἰσχυνομέ-

124 488 133 493 x
171 452 305 495 νους
337 430 425 484 ἐπὶ
458 442 570 494 τοῖς
600 432 1013 502 ἡμαρτημένοις.
1091 436 1163 502 μὴ
1198 430 1300 487 οὗν
1334 435 1463 505 δόξῃ
1496 440 1690 489 λυπεῖν
1721 437 1862 504 ὑμᾶς

170 523 230 573 τὸ
272 518 386 573 κατ’
428 520 563 589 ἐμοῦ
596 529 784 590 ψῆφον
818 521 1061 589 ἐνεγκεῖν
1099 524 1350 591 πονηρὰν
1388 522 1479 576 καὶ
1518 524 1550 591 ἡ
1592 521 1674 576 ἐπ’
1722 525 1859 593 αὐτῇ

169 609 464 677 μετάνοια,
524 611 598 680 τῷ
663 630 723 677 γε
779 612 851 679 μὴ
914 619 1264 680 προχωρῆσαι
1318 613 1382 664 τὰ
1436 612 1858 681 βεβουλευμένα.

169 697 351 765 (164)
398 701 679 767 χαίροντες
734 695 836 752 οὖν
884 698 971 752 ἐπὶ
1018 709 1132 762 τοῖς
1179 699 1237 752 ἐκ
1285 705 1425 754 θεοῦ
1477 700 1861 770 γεγενημένοις

169 786 351 853 ἄπιτε,
390 795 558 839 ταῦτα
600 788 943 855 δηλώσοντες
982 795 1054 859 τῷ
1096 792 1285 857 πατρί,
1326 791 1397 857 μὴ
1438 787 1527 841 καὶ
1567 800 1683 852 ταῖς
1721 787 1858 859 ὑπὲρ

168 874 325 943 ὑμῶν
365 878 656 943 φροντίσιν
696 874 1005 938 ἀναλωθεὶς
1045 878 1283 947 ζημιώσῃ
1324 898 1431 946 μου
1467 880 1526 931 τὸ
1567 879 1860 932 κάλλιστον

167 971 262 1031 τῆς
309 963 687 1032 εὐδαιμονίας,
734 963 865 1033 πρὶν
913 967 989 1026 εἰς
1037 967 1166 1027 ὄψιν
1215 965 1401 1018 ἐλθεῖν
1452 967 1552 1033 τὴν
1593 965 1730 1034 ἐμὴν
1769 965 1854 1018 καὶ

169 1055 492 1120 μεταλαβεῖν
532 1061 642 1104 τῶν
681 1056 970 1121 παρόντων
1012 1053 1240 1121 ἀγαθῶν
1282 1054 1598 1107 ἀποθανών.
1678 1056 1858 1121 <1655

169 1140 337 1193 αὐτὸν
379 1138 438 1192 δὲ
478 1149 676 1194 τοῦτον
716 1140 802 1193 καὶ
839 1151 1101 1209 γυναῖκας
1139 1141 1400 1210 ὑμετέρας
1439 1142 1523 1195 καὶ
1568 1141 1728 1195 τέκνα
1769 1143 1854 1196 καὶ

167 1237 348 1281 πᾶσαν
395 1231 495 1296 τὴν
536 1228 860 1297 συγγένειαν
900 1230 1054 1298 ὑμῶν
1088 1230 1454 1298 ἀναλαβόντες
1494 1231 1694 1284 ε’νθιὲδε
1736 1252 1858 1300 μετ-

169 1320 460 1380 οικίζεσθε·
511 1318 577 1370 οὐ
627 1319 730 1385 γὰρ
779 1318 1097 1386 ἀποδήμους
1145 1316 1280 1371 εἶναι
1341 1322 1427 1371 δεῖ
1480 1330 1588 1372 τῶν
1628 1320 1857 1388 ἀγαθῶν

167 1415 275 1458 τῶν
316 1405 593 1474 ἡμετέρων
633 1409 760 1469 τοὺς
800 1406 917 1475 ἐμοὶ
959 1408 1280 1476 φιλτάτους,
1321 1409 1498 1470 ἄλλως
1538 1429 1590 1461 τε
1633 1408 1717 1461 καὶ
1760 1418 1858 1463 τοῦ

166 1499 330 1563 λιμοῦ
392 1497 591 1563 λοιπὴν
653 1498 729 1548 ἔτι
792 1499 1077 1549 πεντετίαν
1143 1497 1597 1565 ὑπομενοῦντος.’
1675 1499 1856 1564 <166>
1904 1514 1922 1543 ⁵

163 1580 314 1635 ταῦτ’
361 1584 530 1635 εἰπὼν
566 1581 823 1653 Ἰώσηπος
855 1586 1165 1653 περιβάλλει
1204 1589 1330 1648 τοὺς
1370 1585 1658 1655 ἀδελφούς.
1715 1589 1771 1639 οἳ
1800 1583 1849 1638 δ’

165 1670 225 1723 έν
266 1671 533 1738 δάκρυσιν
583 1669 720 1739 ἦσαν
767 1671 852 1724 καὶ
909 1675 1052 1743 λύπῃ
1094 1683 1203 1726 τῶν
1246 1672 1326 1726 ἐπ’
1374 1675 1519 1745 αὐτῷ
1561 1678 1856 1743 βεβουλευ-

163 1756 366 1826 μένων,
406 1758 494 1811 καὶ
528 1764 788 1828 τιμωρίας
821 1761 1007 1824 αὐτοῖς
1040 1759 1207 1814 οὐδὲν
1246 1761 1536 1814 ἀπολιπεῖν
1577 1762 1750 1816 ἐδόκει
1796 1767 1854 1817 τὸ

163 1848 453 1915 εὔγνωμον
508 1847 799 1917 τάδελφοῦ.
889 1851 1068 1915 <1Ῐ16ἶ>
1125 1849 1208 1902 καὶ
1268 1853 1385 1903 τότε
1443 1849 1543 1918 μὲν
1602 1848 1740 1919 ἦσαν
1795 1851 1854 1904 εἰν

164 1936 396 2007 εὐωχίᾳ,
451 1941 709 2004 βασιλεὺς
762 1937 809 1991 δ’
858 1939 1096 2001 ἀκούσας
1147 1941 1374 2006 ἥκοντας
1420 1943 1555 2006 πρὸς
1589 1937 1854 2008 Ἰώσηπον

164 2026 293 2086 τοὺς
341 2025 617 2093 ἀδελφοὺς
667 2028 810 2096 ἥσθη
861 2047 911 2079 τε
966 2029 1247 2095 μεγάλως.
1303 2027 1386 2079 καὶ
1433 2029 1504 2089 ὡς
1545 2026 1625 2079 ἐπ’
1673 2030 1854 2100 οἰκείῳ

166 2112 440 2175 διατεθεὶς
479 2113 702 2186 ἀγαθῷ,
750 2125 1006 2184 παρεῖχεν
1058 2115 1243 2178 αὐτοῖς
1283 2115 1486 2183 ἁμάξας
1527 2120 1680 2169 σίτου
1722 2121 1855 2184 πλή-

164 2221 277 2267 ρεις
324 2201 411 2253 καὶ
468 2206 675 2271 χρυσὸν
731 2203 814 2255 καὶ
867 2205 1112 2271 ἄργυρον
1160 2204 1507 2272 ἀποκομίζειν
1559 2213 1630 2275 τῷ
1673 2209 1849 2271 πατρί.

166 2293 425 2357 λαβόντες
473 2289 531 2343 δὲ
580 2296 747 2344 πλείω
799 2294 942 2359 παρὰ
985 2292 1286 2360 τάδελφοῦ,
1336 2295 1398 2344 τὰ
1439 2291 1538 2360 μὲν
1580 2301 1651 2363 τῷ
1693 2293 1850 2360 πατρὶ

1884 630 1903 662 5

1886 1072 1925 1103 10

164 2377 357 2446 φέρειν
398 2381 461 2431 τὰ
496 2378 544 2431 δ’
593 2379 744 2433 αὐτοὶ
791 2383 998 2446 δωρεὰς
1039 2384 1181 2449 ἔχειν
1215 2381 1438 2444 ἕκαστος
1479 2384 1633 2447 ι’διάς,
1674 2386 1852 2435 πλειό-
1879 2396 1919 2426 *2⁵

165 2487 279 2519 νων
320 2466 626 2535 ἠξιωμένου
667 2467 933 2536 Βενιαμὶν
972 2467 1097 2536 παρ’
1145 2470 1370 2531 αὐτούς,
1411 2469 1638 2537 ἀπῇσαν.

283 2558 462 2622 <168>
503 2557 576 2618 ὡς
616 2554 665 2608 δ’
713 2556 1062 2624 ἀφικομένων
1105 2567 1211 2609 τῶν
1250 2560 1464 2610 παίδων
1500 2556 1752 2626 Ἰάκωβος
1791 2560 1853 2610 τὰ

166 2641 289 2709 περὶ
325 2646 419 2695 τον
448 2641 711 2711 Ἰώσηπον
745 2647 971 2712 ἔμαθεν,
1012 2646 1088 2696 ὅτι
1127 2648 1197 2712 μὴ
1232 2649 1404 2713 μόνον
1437 2651 1518 2712 εῐη
1554 2649 1648 2697 τὸν
1682 2646 1854 2697 θανα-

166 2750 261 2781 τον
303 2733 680 2799 διαπεφευγὼς
728 2731 811 2800 ἐφ’
860 2728 901 2803 ᾧ
951 2739 1176 2784 πενθῶν
1219 2736 1433 2800 διῆγεν.
1482 2733 1616 2785 ἀλλὰ
1663 2733 1747 2785 καὶ
1794 2739 1849 2801 ζῇ·

166 2820 297 2884 μετὰ
359 2824 604 2886 λαμπρᾶς
667 2820 1048 2888 εὐδαιμονίας,
1105 2825 1320 2888 βασιλεῖ
1374 2819 1685 2873 συνδιέπων
1750 2823 1916 2888 τὴνδῡ

287 2925 309 2971 ᾖ
348 2925 427 2962 163
456 2941 507 2955 ¹=
535 2922 644 2962 Gon.
682 2921 797 2962 XLV
833 2927 869 2964 ὃ.
