1975 3111
789 97 1143 142 PRAEFATIO.
1773 98 1814 139 V

123 242 305 308 potest
350 236 489 305 fieri,
542 239 604 287 ut
650 235 707 286 in
746 234 944 303 pusilla
991 253 1046 286 re
1103 234 1363 302 quaedam
1419 251 1502 285 me
1558 232 1811 301 fugerint.

127 326 210 378 Ad
262 324 522 377 maiorem
577 323 913 392 diligentiam
975 340 1059 374 me
1116 321 1428 373 Dindorfius
1483 320 1815 389 provocavit,

126 414 217 483 qui
277 413 336 465 in
399 410 756 463 Fleckeisenii
818 409 1120 461 Annalibus
1180 409 1286 461 vol.
1343 409 1412 461 99
1467 428 1516 477 p.
1567 410 1669 461 821
1700 427 1813 477 sqq.

116 498 363 570 'suscepit
401 501 653 569 probare,
693 498 997 567 Iosephum‚
1039 497 1383 566 quantumvis
1426 501 1567 549 esset
1608 497 1813 548 alienus

126 591 192 643 ab
234 590 420 642 Attica
459 588 754 658 elegantia,
805 591 987 639 tamen
1036 587 1167 639 satis
1210 590 1456 639 accurate
1506 585 1708 638 cavisse
1748 603 1815 635 ne

123 682 370 748 peccaret
431 678 488 729 in
547 676 826 729 nominum
897 680 950 727 et
1019 677 1306 728 verborum
1367 675 1568 726 formas
1630 674 1815 742 itaque

127 769 316 819 ducem
371 769 586 818 secutus
644 783 785 832 sum,
838 763 1026 816 Niesio
1082 764 1226 816 ultra
1281 782 1441 832 quam
1497 762 1675 814 decuit
1730 779 1817 812 ne·

128 856 378 925 glectum.

239 943 392 1005 Quod
430 943 488 994 in
526 941 902 993 Relationibus
943 940 1330 992 Teubnerianis
1373 939 1696 1008 significavi,
1736 938 1817 990 vir

128 1031 473 1085 doctissimus
512 1029 576 1082 A.
609 1029 670 1081 E.
705 1029 744 1081 Ι.
777 1029 1067 1081 Holwerda
1117 1028 1250 1080 mihi
1294 1027 1623 1080 concredidit
1674 1026 1817 1077 inex-
1878 1095 1882 1098 ἡ

126 1121 378 1173 haustam
441 1137 630 1189 gazam
686 1117 1126 1170 observationum
1188 1116 1245 1167 in
1299 1115 1622 1185 Iosephum,
1663 1105 1816 1183 ¹quas

126 1213 281 1278 pater
332 1208 650 1276 reliquerat,
699 1206 790 1276 qui
844 1224 1015 1275 nuper
1065 1206 1168 1258 hoc
1220 1208 1302 1256 est
1350 1208 1472 1256 ante
1525 1204 1818 1256 triennium

129 1301 318 1350 exacta
380 1300 554 1349 aetate
619 1314 778 1347 senex
843 1294 1220 1364 octogenarius
1286 1293 1434 1345 obiit.
1528 1292 1632 1345 Hic
1695 1296 1818 1344 ante

130 1384 523 1454 quinquaginta
563 1402 731 1436 annos
773 1383 900 1435 fecit
942 1382 1232 1434 adnotandi
1271 1381 1503 1448 initium,
1544 1399 1648 1448 quo
1689 1385 1819 1432 tem-

128 1493 258 1543 pore
313 1473 552 1526 nondum
599 1472 873 1541 prodierat
920 1471 1167 1522 Parisina
1214 1469 1482 1522 Dindorfii
1531 1469 1694 1521 editio
1744 1469 1820 1519 in-

132 1563 300 1632 deque
350 1562 556 1615 factum
608 1565 690 1612 est
741 1561 884 1629 quod
934 1578 1150 1612 necesse
1207 1558 1340 1610 fuit:
1390 1576 1555 1626 quum
1594 1561 1819 1625 uterque

132 1655 404 1704 excuteret
462 1649 979 1717 Havercampianas'
1013 1648 1195 1716 copias
1253 1647 1359 1716 ipsi
1426 1645 1819 1714 Havercampio

130 1757 241 1791 non
280 1742 586 1807 usurpataS,
625 1737 821 1788 millies
862 1740 1088 1805 uterque
1129 1735 1319 1788 incidit
1358 1735 1415 1786 in
1457 1734 1670 1786 easdem
1711 1751 1821 1785 cor-

130 1828 422 1896 rectiones,
462 1844 598 1894 quae
636 1844 778 1877 nunc
818 1828 1069 1893 prostant
1107 1824 1165 1875 in
1203 1823 1471 1875 DindOrfii
1511 1823 1821 1874 recensione

134 1920 293 1986 atque
355 1915 481 1967 hinc
544 1914 814 1966 fluxerunt
885 1914 943 1964 in
1013 1913 1305 1965 editionem
1372 1911 1621 1963 Bekkeri.
1718 1909 1821 1962 Sed

134 2003 424 2057 eliminatis
485 2003 553 2054 iis
618 2020 848 2071 quorum
912 2002 1048 2054 alter
1114 2000 1496 2053 antevertendo
1560 2000 1821 2051 honorem

131 2091 487 2162 praecerpsit,
533 2091 677 2142 haud
722 2109 896 2160 pauca
945 2093 1233 2159 supersunt
1281 2088 1494 2158 egregie
1538 2088 1823 2139 observata

135 2185 189 2232 et
230 2183 493 2249 correcta,
541 2198 676 2248 quae
722 2198 865 2232 nunc
912 2179 1151 2248 primum
1196 2178 1253 2229 in
1299 2178 1474 2229 lucem
1513 2176 1824 2244 prodibunt,

59 2282 61 2285 ·
136 2287 302 2338 quum
356 2272 603 2337 tempora
658 2268 788 2320 olim
840 2268 917 2319 rei
973 2267 1186 2318 laudem
1235 2264 1486 2334 scriptori
1540 2282 1651 2315 non
1702 2281 1824 2315 con-

136 2356 408 2408 cesserint.
487 2355 689 2417 Quodsi
723 2357 843 2425 quis
878 2360 1058 2408 autem
1096 2356 1154 2407 in
1192 2356 1295 2407 hoc
1334 2354 1510 2422 primo
1551 2352 1822 2404 volumine

135 2444 454 2496 Holwerdae
508 2444 712 2496 inedita
768 2445 1170 2514 exspectatione
1224 2443 1481 2513 pauciora
1542 2439 1824 2508 invenerit,

138 2532 274 2584 scito
321 2532 682 2584 venerabilem
721 2550 901 2584 senem
934 2551 1073 2585 anno
1120 2534 1257 2586 1847
1301 2531 1528 2584 edidisse
1561 2528 1823 2580 Emenda-

136 2620 347 2672 tionum
388 2619 768 2672 Flavianarum
816 2621 1111 2690 specimen,
1163 2621 1222 2672 in
1262 2638 1366 2689 quo
1424 2636 1589 2686 quum
1642 2634 1824 2685 proce-

137 2708 296 2760 dente
338 2727 496 2776 opere
539 2727 748 2776 semper
786 2709 1044 2777 pauciora
1090 2728 1154 2761 ex
1207 2705 1609 2760 commentariis
1650 2722 1824 2756 excer-

137 2795 338 2865 pserit,
375 2813 486 2847 non
532 2795 835 2848 mirandum
893 2800 975 2848 est
1021 2796 1079 2847 in
1128 2795 1304 2864 operis
1350 2794 1580 2846 introitu
1633 2793 1825 2845 inedita

137 2901 406 2936 rarescere
447 2885 501 2934 et
541 2883 809 2935 editorum
849 2881 1072 2935 numero
1116 2883 1370 2952 superari.
