2052 3141
166 2548 190 2585 6

167 2815 189 2828 r·-

173 2828 183 2852 A

232 115 341 168 240
838 114 1293 156 APXAIOAOHAJ:

230 253 491 318 Μωυσῆς.
569 249 750 317 <197>
782 245 1195 317 νενεωτέρισται
1227 244 1276 299 δ’
1315 247 1447 316 ἡμῖν
1485 250 1545 301 τὸ
1585 249 1719 300 κατὰ
1758 247 1917 315 γένος

230 337 426 390 ἕκαστα
471 336 647 399 τάξαι·
697 337 981 404 σποράδην
1027 336 1131 403 γὰρ
1178 333 1268 387 ὑπ’
1325 334 1537 388 ἐκείνου
1584 339 1914 404 κατελείφθη

229 422 526 493 γραφέντα,
564 423 656 476 καὶ
695 425 767 486 ὡς
807 423 1035 476 ἕκαστόν
1073 443 1125 475 τι
1163 423 1309 489 παρὰ
1348 431 1447 476 τοῦ
1485 429 1625 476 θεοῦ
1663 424 1915 476 πύθοιτο.

228 515 427 566 τούτου
477 513 639 582 χάριν
687 512 987 580 ἀναγκαῖον
1035 512 1322 580 ἡγησάμην
1372 513 1917 579 προδιαστείλασθαι,

229 602 300 669 μὴ
342 604 438 653 καί
478 620 557 663 τις
604 601 735 669 ἡμῖν
783 601 930 668 παρὰ
977 609 1086 652 τῶν
1127 599 1425 667 ὁμοφύλων
1466 599 1960 668 ἐντυγχανόντωνό

227 697 290 757 τῇ
343 696 526 758 γραφῇ
583 687 782 757 μέμψις
836 689 909 751 ὡς
965 689 1358 756 διημαρτηκόσι
1413 686 1648 755 γένηται.
1736 688 1918 754 <198>

228 780 338 846 ἔχει
371 775 423 829 δ’
469 777 642 839 οὕτως
673 778 705 845 ἡ
741 775 981 840 διάταξις
1011 776 1143 844 ἡμῖν
1176 786 1285 828 τῶν
1317 778 1505 843 νόμων
1537 785 1646 828 τῶν
1685 774 1918 843 ἀνηκόν-

226 885 337 918 των
370 867 448 927 είς
480 866 580 932 τὴν
612 866 908 917 πολιτείαν.
988 864 1083 926 οὓς
1125 860 1183 916 δὲ
1224 866 1446 925 κοινοὺς
1486 863 1616 932 ἡμῖν
1655 862 1745 916 καὶ
1783 866 1918 931 πρὸς

227 952 499 1021 ἀλλήλους
545 952 821 1020 κατέλιπε,
868 953 1097 1014 τούτους
1143 950 1491 1020 ὑπερεθέμην
1538 954 1615 1014 εἰς
1654 954 1752 1019 τὴν
1792 951 1916 1019 περὶ

228 1040 377 1093 ἐθῶν
416 1040 506 1093 καὶ
547 1043 736 1093 αἰτιῶν
785 1040 1083 1107 ἀπόδοσιν,
1131 1040 1200 1107 ἣν
1248 1039 1777 1108 συλλαμβανομένου
1818 1049 1915 1093 τοῦ
1943 1056 1984 1086 10

225 1134 365 1182 θεοῦ
406 1131 537 1198 μετὰ
577 1131 780 1197 ταύτην
820 1129 952 1197 ἡμῖν
992 1130 1091 1196 τὴν
1130 1132 1501 1196 πραγματείαν
1543 1128 1911 1191 συντάξασθαι

225 1220 520 1285 πρόκειται.

336 1306 518 1372 <199>
553 1305 775 1358 ἐπειδὰν
809 1306 909 1371 τὴν
945 1307 1274 1356 Χαναναίων
1315 1311 1419 1370 γῆν
1459 1304 1786 1371 κτησάμενοι
1827 1303 1912 1357 καὶ

227 1395 431 1461 σχολὴν
466 1392 553 1445 ἐπὶ
586 1395 775 1462 χρήσει
808 1402 917 1444 τῶν
959 1391 1187 1458 ἀγαθῶν
1228 1393 1442 1460 ἔχοντες
1480 1394 1664 1453 πόλεις
1703 1394 1762 1444 τὸ
1804 1396 1915 1445 λοι-

225 1483 330 1534 πὸν
371 1483 475 1549 ἤδη
518 1484 713 1545 κτίζειν
754 1485 1116 1547 προαιρῆσθε,
1156 1488 1323 1532 ταῦτα
1363 1487 1648 1541 ποιοῦντες
1687 1487 1759 1550 τῷ
1800 1477 1914 1551 θεῷ
1943 1496 1983 1527 15

228 1572 362 1636 φίλα
387 1570 610 1636 πράξετε
639 1567 727 1621 καὶ
761 1570 859 1636 τὴν
893 1568 1252 1635 εὐδαιμονίαν
1285 1570 1513 1634 βεβαίαν
1547 1566 1702 1629 ἕξετε.
1737 1569 1916 1634 <200>

227 1658 343 1724 [ερὰ
391 1661 548 1720 πόλις
596 1660 730 1710 ἔστω
781 1659 875 1724 μία
923 1664 1016 1723 τῆς
1059 1659 1386 1707 Χαναναίων
1438 1663 1534 1722 γῆς
1575 1654 1633 1707 ἐν
1674 1663 1747 1726 τῷ
1789 1661 1916 1708 καλ-

224 1749 388 1817 λίστῳ
441 1745 530 1797 καὶ
579 1744 649 1798 δι’
697 1746 896 1813 ἀρετὴν
949 1744 1226 1812 ἐπιφανεῖ,
1286 1744 1350 1811 ἣν
1399 1743 1467 1795 ἂν
1516 1744 1544 1796 ὁ
1597 1746 1728 1806 θεὸς
1768 1744 1913 1815 αὐτῷ

224 1834 315 1885 διὰ
339 1838 673 1902 προφητείας
707 1833 997 1900 ἐκλέξηται.
1060 1831 1148 1883 καὶ
1186 1833 1319 1894 νεὼς
1351 1825 1428 1894 εἷς
1468 1831 1526 1884 ἐν
1559 1833 1726 1901 ταύτῃ
1761 1835 1916 1899 ἔστω,

223 1920 312 1973 καὶ
346 1925 529 1990 βωμὸς
562 1915 639 1984 εἷς
664 1921 721 1973 ἐκ
756 1925 933 1972 λίθων
967 1922 1039 1988 μὴ
1075 1918 1551 1987 κατειργασμένων
1585 1919 1721 1971 ἀλλὰ
1756 1921 1916 1987 λογά-
1942 1937 1983 1967 -20

224 2011 327 2077 δην
378 2008 783 2076 συγκειμένων,
836 2011 891 2061 οἳ
935 2009 1221 2075 κονιάματι
1274 2006 1591 2075 χρισθέντες
1630 2008 1916 2074 εὐπρεπεῖς

224 2095 271 2148 τ’
313 2094 423 2149 εἶεν
457 2097 545 2149 καὶ
588 2098 873 2163 καθάρειοι
906 2099 1040 2162 πρὸς
1079 2098 1178 2163 τὴν
1219 2094 1372 2147 θέαν.
1450 2097 1630 2160 &015
1667 2097 1694 2162 ἡ
1730 2095 1778 2147 δ’
1828 2095 1911 2148 ἐπὶ

223 2193 419 2238 τοῦτον
459 2189 761 2253 πρόσβασις
800 2188 935 2237 ἔστω
977 2185 1048 2251 μὴ
1091 2184 1180 2235 δια
1222 2185 1533 2250 βαθμίδων,
1573 2182 1708 2235 ἀλλὰ
1748 2200 1914 2250 προσ-

223 2275 442 2341 χώσεως
491 2275 635 2345 αὐτῷ
679 2275 810 2326 κατὰ
863 2281 1106 2339 πρανοῦς
1148 2271 1457 2339 γενομένης.
1537 2271 1595 2323 ἐν
1648 2271 1802 2343 ἑτέρα
1854 2271 1912 2325 δὲ

222 2366 376 2415 πόλει
430 2367 560 2430 μήτε
610 2365 793 2430 βωμὸς
833 2364 961 2429 μήτε
1007 2362 1139 2422 νεὼς
1179 2363 1335 2413 ἔστω·
1386 2363 1516 2422 θεὸς
1568 2362 1669 2427 γὰρ
1709 2353 1785 2422 εἷς
1824 2360 1908 2412 καὶ
1938 2376 1979 2406 ²⁵

223 2453 283 2501 τὸ
316 2449 587 2518 (Εβραίων
629 2450 785 2516 γένος
826 2449 898 2500 ἕν.

337 2540 517 2604 <202>
560 2539 587 2590 ὁ
630 2536 687 2589 62:
729 2542 1116 2605 βλασφημῆσαι
1169 2539 1438 2603 τολμήσας
1478 2539 1612 2587 θεὸν
1654 2541 1909 2589 καταλευ-

224 2625 379 2688 σθεὶς
434 2627 758 2694 κριμνάσθω
814 2625 883 2676 δι’
945 2627 1073 2692 ὅλης
1132 2623 1356 2692 ἡμέρας,
1415 2623 1498 2675 καὶ
1565 2624 1767 2691 ἀτίμως
1822 2623 1905 2675 καὶ

224 2713 446 2781 ἀφανῶς
485 2713 800 2765 θαπτέσθω.

335 2803 515 2868 &ot-3>
550 2800 1009 2869 σννερχέσθωσαν
1044 2798 1095 2852 δ’
1136 2802 1212 2861 εἰς
1249 2799 1312 2865 ἣν
1349 2799 1416 2850 ἂν
1449 2798 1768 2866 ἀποφήνωσι
1813 2803 1907 2851 πό-
1934 2815 1975 2843 30

343 2907 366 2950 ξ
406 2907 484 2943 199
514 2924 566 2937 ==
596 2902 776 2943 mutor.
815 2901 891 2942 XII
930 2907 967 2942 ι’).
1093 2924 1112 2945 s
1151 2906 1234 2942 :302
1265 2921 1317 2935 =
1347 2899 1488 2941 Lex-it.
1524 2899 1668 2941 XXIV
1705 2906 1769 2942 15.

1095 2906 1115 2950 ‘s-
