2052 3141
72 1008 113 1040 10

74 1450 116 1482 15

77 1890 119 1923 20

78 2330 120 2363 25

81 2770 122 2802 30

894 57 1074 97 ΤΡΙΤΗ
1723 50 1828 102 163

136 213 233 246 τον
272 188 372 261 μὲν
404 187 474 259 ἦν
511 193 731 260 πήχεων
772 188 903 242 δέκα
941 190 1309 257 πανταχόθεν,
1351 180 1392 258 ᾧ
1434 184 1829 238 κατεπετάννυ-

138 295 241 334 σαν
280 281 409 342 τοὺς
454 281 667 347 κίονας,
716 281 772 331 οἳ
819 279 1163 346 διαιροῦντες
1202 278 1298 328 τὸν
1338 276 1480 328 νεὼν
1520 275 1580 326 τὸ
1622 274 1829 326 ἄδυτον

139 369 304 421 ἔνδον
351 367 533 420 αὑτῶν
581 365 985 434 ἀπελάμβανον.
1064 362 1153 416 καὶ
1201 372 1362 416 τοῦτο
1412 359 1481 430 ἧν
1529 364 1589 415 τὸ
1629 369 1829 414 ποιοῦν

138 455 269 510 αὐτὸ
324 453 520 524 μηδενὶ
573 454 858 507 κάτοπτον.
939 450 1029 505 καὶ
1085 452 1112 505 ὁ
1170 448 1269 520 μὲν
1324 458 1427 512 πᾶς
1481 451 1617 512 νεὼς
1668 451 1828 517 ἅγιον

141 544 402 612 ἐκαλεῖτο,
440 545 501 597 τὸ
536 540 584 596 δ’
624 543 829 611 ἄβατον
868 543 927 594 τὸ
955 529 1123 602 ’ἐντὸς
1162 549 1270 592 τῶν
1311 538 1584 608 τεττάρων
1623 540 1829 591 κιόνων

136 641 234 686 τοῦ
274 631 435 700 ἁγίου
473 634 534 685 τὸ
574 632 749 699 ἅγιον.
829 629 1009 698 <126>
1044 629 1249 697 ὡραῖον
1296 625 1343 679 δ’
1391 623 1460 695 ἦν
1501 628 1560 679 τὸ
1601 627 1829 695 φάρσος,

136 722 334 773 ἄνθεσι
381 722 688 787 παντοίοις,
745 719 847 771 ὅσα
887 723 1063 785 γῆθεν
1104 714 1417 785 ἀνέρχεται,
1458 717 1830 767 διαπεποικιλ-

136 808 304 878 μένον
342 818 456 870 τοῖς
497 806 546 860 τ’
584 810 772 869 ἄλλοις
805 807 1009 858 ἅπασιν
1055 803 1439 874 ἐνυφασμένον
1480 804 1582 856 ὅσα
1621 806 1830 871 κόσμον

137 903 311 950 οἴσειν
359 899 576 965 ἔμελλε,
621 897 765 963 πλὴν
817 892 969 965 ζςόων
1011 901 1238 963 μορφῆς.
1319 893 1501 960 <127>
1543 891 1730 961 ἕτερον
1770 888 1830 944 δὲ

137 987 312 1058 τούτῳ
352 983 444 1038 καὶ
483 992 556 1056 τῷ
599 982 820 1052 μεγέθει
863 980 953 1034 καὶ
992 989 1054 1051 τῇ
1103 982 1210 1050 ὑφῇ
1252 979 1341 1033 καὶ
1382 988 1444 1049 τῆ
1485 982 1622 1050 χρόᾳ
1661 998 1832 1049 παρα-

136 1077 372 1142 πλήσιον
403 1076 532 1136 τοὺς
564 1071 652 1126 ἐπὶ
683 1082 799 1134 ταῖς
833 1072 1070 1132 εἰσόδοις
1094 1068 1253 1122 πέντε
1280 1072 1467 1131 κίονας
1490 1065 1832 1136 περιέβαλλε,

138 1164 271 1216 κατὰ
311 1165 521 1230 γωνίαν
570 1160 800 1214 ἑκάστου
855 1163 1040 1221 κίονος
1086 1162 1277 1227 κρίκου
1318 1156 1639 1226 κατέχοντος
1679 1155 1831 1221 αὐτό,

140 1251 244 1304 ἀπὸ
284 1258 535 1320 κορυφῆς
583 1251 706 1319 ἄχρι
746 1249 981 1317 ἡμίσους
1020 1256 1117 1301 τοῦ
1157 1250 1356 1308 κίονος.
1432 1247 1493 1298 τὸ
1536 1242 1596 1297 δὲ
1636 1246 1831 1297 λοιπὸν

140 1340 356 1402 εἴσοδος
381 1338 563 1392 ἀνεῖτο
589 1347 702 1401 τοῖς
729 1339 969 1407 ἱερεῦσιν
995 1333 1411 1404 ὑποδυομένοις.
1491 1334 1669 1401 <128>
1694 1330 1830 1401 ὑπὲρ

143 1425 202 1481 δὲ
242 1429 441 1481 τούτου
482 1431 676 1480 λινοῦν
715 1423 784 1495 ἦν
828 1423 1146 1494 ἰσομέγεθες
1185 1424 1419 1493 φάρσος,
1461 1421 1831 1491 ἐφελκόμενον

141 1516 245 1570 ἀπὸ
300 1517 485 1568 κάλων
534 1514 620 1568 ἐπὶ
666 1515 905 1583 θάτερα,
952 1523 1062 1566 τῶν
1108 1516 1312 1582 κρίκων
1363 1519 1436 1582 τῷ
1478 1530 1534 1562 τε
1574 1510 1703 1579 ὕφει
1741 1509 1831 1562 καὶ

141 1612 213 1676 τῷ
255 1605 403 1677 κάλῳ
444 1605 854 1658 διακονούντων
894 1606 1029 1673 πρός
1069 1622 1123 1655 τε
1163 1603 1222 1654 τὸ
1265 1600 1703 1653 ἐκπετάννυσθαι
1743 1596 1832 1650 καὶ

145 1696 551 1762 συνελκόμενον
605 1694 864 1745 ’ἵστασθαι
919 1692 1053 1743 κατὰ
1115 1692 1357 1758 γωνίαν,
1421 1687 1676 1757 ἐμποδὼν
1732 1686 1833 1738 οὐκ

143 1780 413 1850 ἐσόμενον
452 1783 588 1851 πρὸς
626 1783 685 1833 τὸ
726 1780 1178 1845 κατοπτεύεσθαι,
1217 1775 1306 1829 καὶ
1347 1776 1578 1845 μάλιστα
1619 1774 1678 1827 ἐν
1718 1783 1834 1836 ταῖς

144 1869 430 1939 ἐπισήμοις
483 1867 728 1939 ἡμέραις·
792 1869 972 1936 (129)
1021 1867 1155 1920 κατὰ
1211 1863 1271 1918 δὲ
1319 1865 1413 1926 τὰς
1464 1863 1689 1930 λοιπάς,
1742 1861 1833 1914 καὶ

143 1957 368 2028 μάλισθ’
409 1959 540 2011 ὅταν
572 1952 605 2028 ᾖ
638 1958 967 2026 νιφετώδης,
1006 1954 1527 2025 προπεταννύμενον
1568 1953 1833 2019 στεγανὸν

143 2047 314 2101 ἐποίει
368 2048 429 2100 τὸ
487 2045 545 2099 ἐκ
600 2056 709 2099 τῶν
764 2045 1063 2114 βαμμάτων
1124 2043 1281 2112 ὕφος.
1374 2041 1511 2094 ὅθεν
1575 2041 1642 2108 δὴ
1697 2057 1833 2109 παρ-

143 2134 319 2204 έμεινε
366 2138 427 2189 τὸ
460 2137 590 2198 ἔθος
636 2133 727 2187 καὶ
773 2136 870 2187 τὸν
910 2136 1048 2187 ναὸν
1093 2126 1613 2200 οἰκοδομησαμένων
1660 2127 1833 2197 ἡμῶν,

145 2225 279 2278 ὥστε
311 2226 412 2293 τὴν
438 2226 670 2277 σινδόνα
701 2225 1127 2292 τοιουτότροπον
1159 2223 1504 2290 περικεῖσθαι
1537 2225 1652 2278 ταῖς
1692 2218 1834 2268 εἰσό-

146 2315 278 2375 δοις.
356 2313 535 2380 <130>
578 2311 708 2365 δέκα
749 2309 799 2364 δ’
848 2313 987 2364 ἄλλα
1024 2310 1238 2380 φάρση,
1277 2310 1495 2377 πήχεων
1534 2307 1594 2358 τὸ
1634 2303 1835 2366 πλάτος

144 2402 436 2471 τεττάρων,
475 2403 535 2454 τὸ
562 2398 622 2454 δὲ
649 2407 817 2469 μῆκος
852 2400 990 2452 ὀκτὼ
1024 2398 1114 2451 καὶ
1147 2403 1337 2465 εἴκοσι,
1377 2402 1616 2466 χρυσοῦς
1641 2396 1834 2463 ἔχοντα

144 2491 498 2560 γιγγλύμους,
539 2487 624 2543 ἐπὶ
658 2496 877 2558 συναφῇ
913 2488 1118 2557 θήλεάς
1157 2507 1211 2539 τε
1253 2484 1342 2539 καὶ
1382 2486 1616 2554 ἄρρενας
1655 2482 1835 2534 συνεί-

145 2583 300 2632 λεκτο
335 2579 407 2641 ὡς
439 2578 499 2631 ἓν
530 2573 672 2630 εἶναι
705 2578 913 2630 δοκεῖν·
955 2573 1063 2629 εἷθ’
1096 2575 1524 2643 ὑπερτεινόμενα
1557 2579 1655 2624 τοῦ
1694 2577 1833 2622 ναοῦ

145 2670 205 2720 τό
260 2664 305 2719 τ’
354 2665 668 2736 ἐφύπερθεν
720 2663 926 2729 ἐσκίαζε
982 2662 1072 2718 καὶ
1118 2672 1228 2716 τῶν
1274 2664 1473 2731 τοίχων
1524 2661 1652 2721 τοὺς
1700 2658 1834 2711 κατὰ

146 2755 389 2826 πλευρὰν
413 2753 504 2808 καὶ
534 2755 764 2807 κατόπιν
799 2751 1048 2821 ἑστῶτας,
1088 2750 1193 2804 ἀπὸ
1226 2758 1320 2818 τῆς
1352 2755 1450 2816 γῆς
1482 2747 1616 2800 ὅσον
1654 2753 1833 2816 πῆχυν

266 2860 290 2910 ξ
325 2861 407 2901 126
435 2878 490 2892 =
514 2854 658 2899 Exod.
692 2853 842 2898 XXVI
875 2858 944 2898 31.

1481 2920 1567 2966 11*
