2052 3141
186 111 255 163 72
790 108 1245 151 ΑΡΧΑΙΟΛΟΓΙΑΣ

184 243 285 315 μὲν
325 242 479 298 οὗτοι
517 245 708 306 παῖδες
746 240 913 312 ἦσαν,
955 239 1211 311 Ἐλιφάζῃ
1264 238 1324 293 δὲ
1364 244 1611 308 γίνονται
1652 242 1870 308 γνήσιοι

184 335 374 396 παῖδες
411 332 589 400 πέντε,
631 331 877 400 Θέμανος
901 329 1141 398 ’Όμανος
1173 331 1445 398 Σώφαρος
1485 331 1537 381 Γ
1534 332 1744 396 όθαμος
1782 327 1872 380 καὶ

188 420 441 485 Κένεζος·
476 418 776 488 Ἀμάληκος
814 419 918 487 γὰρ
960 421 1132 479 νόθος
1172 414 1270 485 ἧν,
1311 416 1369 468 ἐκ
1407 421 1685 483 παλλακῆς
1724 416 1869 487 αὐτῷ

186 511 426 578 γεγονὼς
478 508 737 577 Θαμνάης
783 509 972 575 ὄνομα.
1059 506 1163 572 <6>
1212 501 1365 557 οὗτοι
1412 502 1732 576 κατῴκησαν
1783 512 1873 572 τῆς

181 595 489 666 Ἰδουμαίας
519 598 619 665 τὴν
651 599 943 664 Γοβολῖτιν
978 592 1278 661 λεγομένην
1317 591 1405 644 καὶ
1446 594 1545 660 τὴν
1585 589 1674 643 ἀπ’
1716 590 1872 660 Ἀμα-
1895 605 1914 637 5

187 689 357 754 λήκου
418 690 721 753 κληθεῖσαν
776 682 1141 751 Ἀμαληκῖτιν.
1219 682 1393 748 πολλὴ
1448 681 1552 747 γὰρ
1607 678 1872 748 γενομένη

186 771 315 827 ποτὲ
354 774 387 841 ἡ
423 772 704 841 Ἰδουμαία
743 774 804 824 τό
854 790 910 823 τε
951 770 1125 838 πάσης
1165 769 1330 836 αὐτῆς
1370 767 1641 831 ἀπέσωζεν
1682 769 1874 835 ὄνομα,

187 861 276 914 καὶ
324 871 437 924 τοῖς
484 860 669 929 μέρεσι
716 861 810 922 τὰς
856 859 960 911 ἀπὸ
1010 868 1118 910 τῶν
1166 860 1467 925 οἰκητόρων
1507 859 1876 925 προσηγοριάς

189 949 530 1019 διεφύλαξεν.

301 1039 404 1105 <7>
440 1036 679 1109 Ἰακώβῳ
721 1033 780 1088 δὲ
821 1034 1023 1103 συνέβη
1067 1038 1367 1102 παρελθεῖν
1408 1034 1484 1095 εἰς
1524 1033 1877 1099 εὐδαιμονίας
1902 1045 1944 1076 10

189 1125 422 1195 μέγεθος
469 1118 590 1178 οἷον
639 1125 739 1177 οὐκ
788 1125 935 1195 ἄλλῳ
976 1121 1084 1175 τινὶ
1126 1123 1343 1192 ῥᾳδίως.
1421 1122 1638 1192 πλούτῳ
1680 1139 1732 1172 τε
1775 1121 1876 1186 γαρ

187 1213 522 1284 ὑπερέβαλλε
555 1215 682 1274 τοὺς
714 1212 1039 1280 ἐπιχωρίους
1079 1209 1165 1261 καὶ
1206 1211 1420 1261 παίδων
1462 1209 1674 1275 ἀρεταῖς
1716 1211 1878 1274 ζηλω-

190 1305 280 1365 τὸς
317 1301 408 1354 καὶ
454 1304 810 1369 περίβλεπτος
850 1296 939 1366 ἧν·
982 1298 1210 1359 οὐδενὸς
1259 1298 1360 1364 γὰρ
1412 1297 1551 1358 ὅλως
1592 1295 1879 1361 ὑστέρουν,

191 1391 328 1443 ἀλλὰ
367 1388 456 1442 καὶ
488 1391 623 1459 πρὸς
656 1391 786 1456 ἔργα
820 1396 1016 1456 χειρῶν
1057 1384 1145 1437 καὶ
1185 1388 1373 1438 πόνων
1416 1385 1699 1452 ὑπομονὴν
1744 1381 1879 1451 ἦσαν

190 1481 422 1548 εὔψυχοι
454 1477 543 1530 καὶ
578 1475 751 1529 δεινοὶ
786 1473 1048 1528 συνιέναι.
1127 1474 1231 1539 <8>
1267 1474 1536 1540 τοσαύτην
1579 1470 1626 1524 δ’
1675 1474 1779 1538 ἄρα
1819 1473 1878 1524 τὸ
1904 1487 1945 1517 15

189 1574 349 1620 θεῖον
398 1566 567 1619 αὐτοῦ
615 1568 883 1633 πρόνοιαν
933 1565 1052 1631 ἔσχε
1102 1561 1189 1613 καὶ
1239 1571 1330 1630 τῆς
1378 1562 1731 1629 εὐδαιμονίας
1771 1561 1880 1613 ε’πι-

191 1655 410 1724 μέλειαν
446 1656 517 1716 ὡς
549 1653 650 1705 κάκ
682 1663 790 1705 τῶν
819 1657 1077 1718 λυπηρῶν
1115 1651 1259 1721 αὐτῷ
1281 1650 1561 1713 δοξάντων
1587 1652 1686 1717 τὴν
1723 1650 1881 1716 ὑπερ-

192 1745 364 1812 βολὴν
413 1752 521 1794 τῶν
570 1741 800 1808 ἀγαθῶν
847 1749 1181 1808 παρασχεῖν.
1232 1737 1316 1789 καὶ
1378 1746 1599 1805 ποιῆσαι.
1653 1745 1744 1804 τῆς
1782 1733 1875 1788 ἀπ’

194 1832 480 1898 Αἰγύπτου
513 1839 621 1881 τῶν
650 1827 923 1896 ἡμετέρων
958 1830 1250 1894 προγόνων
1284 1826 1677 1894 ἀναχωρήσεως
1708 1831 1884 1878 αἴτιον

194 1920 363 1971 αὐτόν
411 1937 464 1969 τε
520 1915 610 1968 καὶ
660 1919 785 1978 τοὺς
833 1915 887 1978 ἐξ
937 1916 1108 1967 αὐτοῦ
1159 1917 1449 1981 γεγονότας
1489 1913 1592 1966 ἀπὸ
1636 1915 1951 1980 τοιαύτηςῖθ

195 2009 381 2068 αἰτίας.
471 2006 575 2071 <9>
626 2003 892 2072 Ἰώσηπον
942 2003 999 2055 ἐκ
1046 2001 1304 2071 Ῥαχήλας
1358 2001 1886 2069 πεπαιδοποιημένος

190 2094 445 2163 Ἰάκωβος
497 2094 588 2145 διά
643 2113 695 2145 τε
746 2095 843 2160 τὴν
891 2099 987 2143 τοῦ
1037 2093 1283 2158 σώματος
1329 2089 1612 2156 ει”·γε’νειαι.’
1665 2088 1748 2141 καὶ
1795 2091 1885 2141 διὰ

196 2192 371 2253 «ψυχῆς
404 2182 602 2250 ἀρετήν
639 2181 924 2250 (φρονήσει
958 2181 1058 2246 γαρ
1087 2178 1326 2245 ὸιέφερεῖ
1360 2187 1468 2229 τῶν
1502 2179 1684 2229 ἄλλων
1717 2176 1885 2230 πλέον

197 2273 335 2324 υἱῶν
364 2271 557 2338 ἠγάπα.
637 2271 776 2334 <10>
803 2269 977 2338 τούτῳ
1011 2268 1154 2333 παρὰ
1190 2276 1296 2318 τῶν
1330 2265 1585 2331 ἀδελφῶν
1632 2267 1658 2332 ἱ,
1702 2285 1753 2317 τε
1789 2274 1886 2318 τοῦ

195 2362 396 2426 πατρὸς
430 2360 631 2425 στοργὴ
665 2360 887 2425 φθόνον
921 2355 1135 2423 έκίνησε
1171 2353 1254 2405 καὶ
1299 2364 1473 2421 μῖσος.
1518 2355 1545 2420 ἢ
1589 2352 1630 2405 τ’
1678 2353 1735 2405 ἐκ
1777 2363 1884 2405 τῶν
1910 2365 1951 2397 25

202 2448 522 2515 ὀνειράτων,
563 2446 594 2498 ἃ
627 2445 969 2512 θεασάμενος
1003 2452 1074 2513 τῷ
1110 2463 1162 2494 τε
1198 2442 1355 2508 πατρὶ
1387 2441 1470 2493 καὶ
1509 2443 1720 2503 τούτοις
1761 2441 1883 2509 έμή-

203 2551 386 2598 νυσεν,
418 2535 742 2602 εὐδαιμονία
774 2531 1266 2599 καταγγελλομένη.
1301 2531 1748 2597 ζηλοτυπούντων
1781 2530 1885 2596 ἄρα

201 2633 308 2674 τῶν
364 2622 679 2689 ἀνθρώπων
732 2619 818 2672 καὶ
877 2621 969 2681 τὰς
1018 2630 1124 2672 τῶν
1177 2620 1524 2672 οἰκειοτάτων
1576 2618 1885 2684 εὐπραγίας.

201 2712 260 2761 αἰ
312 2709 364 2761 δ’
429 2712 613 2772 ὄψεις,
669 2709 730 2770 ἃς
784 2709 917 2760 κατὰ
974 2711 1099 2769 τοὺς
1154 2708 1362 2768 ’ὕπνους
1415 2703 1561 2758 εἶδεν
1612 2704 1886 2771 Ἰώσηπος,

144 2812 168 2850 2
202 2801 404 2850 τοιαίδε
462 2795 615 2865 ἦσαν.
696 2799 837 2864 <11>
896 2795 1228 2863 ἐκπεμφθεὶς
1282 2796 1411 2863 μετὰ
1469 2803 1575 2845 τῶν
1631 2792 1884 2858 ἀδελφῶν
1909 2805 1953 2838 ³⁰

318 2904 341 2949 ξ
376 2903 400 2939 5
428 2919 481 2933 ===
508 2899 618 2940 Gen.
654 2896 842 2939 XXXVI
880 2902 946 2939 11.
1071 2903 1094 2948 ,S
1130 2902 1151 2938 7
1183 2918 1234 2931 τε
1262 2896 1372 2938 Gen.
1410 2893 1618 2937 XXXVII
1658 2901 1693 2937 1.
