2052 3141
841 91 1050 131 ΠΡΩΤΗ
1717 87 1785 139 67

100 227 395 297 περιχαρὴς
441 227 650 293 γίνεται
696 223 785 276 καὶ
832 223 1083 295 τάδελφῷ
1126 223 1340 291 ὑπήντα
1388 225 1492 275 σὺν
1544 223 1790 285 ὁπλίταις

101 317 482 387 τετρακοσίοις.
544 311 632 365 καὶ
669 309 923 381 Ἰάκωβος
962 315 1386 380 πυνθανόμενος
1425 312 1579 379 ήκειν
1620 311 1789 364 αὐτὸν

99 403 552 471 ὑπαντησόμενον
593 402 724 470 μετὰ
768 402 1048 454 τοσούτων
1089 401 1326 454 ὁπλιτῶν
1366 396 1435 467 ἧν
1475 403 1789 469 περίφοβος.

100 499 174 564 τῷ
208 489 394 560 μέντοι
425 496 539 561 θεῷ
574 491 674 558 τὴν
715 489 909 542 ἐλπίδα
949 497 1042 557 τῆς
1083 493 1349 558 σωτηρίας
1389 489 1661 558 ἐπέτρεπε,
1701 487 1791 540 καὶ

58 597 77 629 5
100 582 369 649 πρόνοιαν
409 575 553 648 εἶχεν
602 578 659 631 ἐκ
705 587 815 631 τῶν
854 581 1145 647 παρόντων
1186 578 1332 640 ὅπως
1371 578 1534 640 αὐτὸς
1574 577 1792 646 ἀπαθὴς

103 670 265 732 σώζοι
304 671 432 730 τοὺς
471 670 576 720 σὺν
615 667 789 738 αὑτῷ,
829 669 1101 736 κρατήσας
1138 677 1249 719 τῶν
1290 666 1535 735 ἐχθρῶν,
1583 668 1633 718 εἰ
1671 665 1791 718 ἐθέ-

64 800 69 808 .
103 761 252 810 λοιεν
285 755 511 808 ἀδικεῖν.
590 757 771 824 <328>
795 759 985 824 νείμας
1019 752 1120 808 οὖν
1152 758 1281 817 τοὺς
1314 758 1417 807 σὺν
1459 755 1624 825 αὑτῷ,
1663 757 1793 817 τοὺς

102 842 202 913 μὲν
241 846 590 913 προύπεμπε,
628 846 757 906 τοὺς
797 841 856 896 δὲ
897 842 1255 912 λειπομένους
1293 849 1500 896 θᾶττον
1542 842 1792 895 ἐκέλευεν

101 932 470 1000 ἀκολουθεῖν,
525 932 702 1000 ὅπως,
766 934 816 984 εἰ
875 935 1161 1000 βιασθεῖεν
1227 933 1283 984 οἱ
1340 930 1794 1000 προπεμφθέντες

37 1038 78 1069 10
104 1019 434 1089 ἐπιθεμένου
482 1020 787 1088 τάδελφοῦ,
834 1022 1158 1089 καταφυγὴν
1207 1022 1384 1089 ἔχοιεν
1436 1023 1563 1082 τοὺς
1603 1018 1793 1088 ἑπομέ-

102 1129 248 1171 νους.
328 1109 508 1176 <329>
540 1107 631 1161 καὶ
666 1117 863 1162 τοῦτον
905 1109 1158 1172 διατάξας
1197 1111 1324 1171 τοὺς
1366 1111 1469 1161 σὺν
1509 1108 1654 1179 αὑτῷ
1696 1110 1793 1161 τὸν

103 1200 328 1267 τρόπον,
366 1196 562 1265 πέμπει
602 1199 754 1260 τινὰς
795 1199 945 1266 δῶρα
985 1201 1304 1265 κομίζοντας
1344 1197 1620 1267 τάδελφῷ·
1660 1196 1794 1248 ὑπο-

107 1287 260 1353 ζύγια
316 1283 366 1338 δ’
419 1282 488 1353 ἧν
544 1286 607 1338 τὰ
661 1288 979 1353 πεμπόμενα
1034 1284 1123 1337 καὶ
1177 1290 1390 1353 πλῆθος
1444 1286 1794 1353 τετραπόδων

104 1378 388 1442 ποικίλων,
428 1374 461 1426 ἃ
494 1375 561 1442 δὴ
595 1377 744 1442 τίμια
784 1384 895 1436 τοῖς
935 1372 1265 1442 ληψομένοις
1305 1376 1529 1442 ἔμελλεν
1569 1375 1794 1425 ἔσεσθαι

37 1478 78 1512 15
102 1465 249 1533 παρὰ
281 1465 341 1516 τὸ
376 1466 654 1526 σπανίζειν
688 1463 884 1515 αὐτῶν.
964 1464 1145 1529 <330>
1174 1457 1312 1532 ᾖσαν
1346 1460 1394 1514 δ’
1428 1463 1485 1514 οἱ
1512 1460 1794 1530 πεμφθέν-

102 1570 188 1612 τες
228 1549 286 1602 ἐκ
327 1550 757 1618 διαλειμμάτων,
804 1551 895 1601 ἴνα
937 1549 1328 1619 συνεχέστερον
1371 1549 1796 1619 ἐντυγχάνοντες

102 1637 299 1691 πολλοὶ
355 1640 616 1692 δοκῶσιν·
674 1638 900 1706 ἀνήσειν
956 1640 1059 1708 γὰρ
1116 1639 1221 1691 ὑπὸ
1277 1648 1386 1691 τῶν
1444 1640 1638 1707 δώρων
1702 1647 1796 1707 τῆς

104 1727 297 1796 ὀργῆς,
346 1729 397 1779 εἰ
443 1727 694 1796 διαμένοι
742 1727 1144 1796 τεθυμωμένος.
1224 1730 1300 1780 ἔτι
1349 1726 1535 1795 μέντοι
1574 1725 1665 1779 καὶ
1705 1730 1795 1780 λό-

106 1834 223 1882 γοις
275 1826 530 1885 χρηστοῖς
583 1817 796 1885 ὁμιλεῖν
852 1819 987 1885 πρὸς
1041 1817 1210 1869 αὐτὸν
1265 1822 1446 1885 εἴρητο
1498 1824 1611 1877 τοῖς
1663 1833 1795 1883 πεμ-

39 1920 81 1952 20
104 1902 376 1972 πομένοις.

218 1993 399 2059 <331>
440 2001 608 2046 ταῦτα
665 1992 893 2055 συνθεὶς
941 1995 1030 2045 διὰ
1072 1994 1247 2061 πάσης
1294 2000 1388 2060 τῆς
1426 1991 1652 2062 ἡμέρας,
1700 2013 1795 2045 νυ-

111 2081 237 2141 κτὸς
268 2079 657 2149 ἐπιγενομένης
689 2081 854 2134 ἐκίνει
895 2084 1022 2143 τοὺς
1062 2084 1166 2133 σὺν
1208 2081 1370 2151 αὑτῷ.
1449 2079 1538 2133 καὶ
1576 2082 1795 2151 χειμάρ-

106 2188 244 2236 ρουν
283 2170 407 2221 τινὰ
442 2166 726 2239 Ἰάβακχον
760 2173 1059 2238 λεγόμενον
1101 2171 1507 2238 διαβεβηκότων
1541 2166 1797 2237 Ἰάκωβος

104 2256 566 2325 ὑπολελειμμένος
614 2258 827 2328 (μόνος)
879 2259 1223 2327 φαντάσματι
1272 2259 1559 2326 συντυχὼν
1611 2258 1797 2310 διεπά-

41 2361 83 2393 25
108 2348 281 2412 λαιεν,
321 2344 535 2398 ἐκείνου
567 2347 1042 2416 προκατάρχοντος
1073 2354 1167 2415 τῆς
1199 2347 1391 2416 μάχης·
1434 2347 1613 2413 <332>
1641 2345 1797 2415 ἐκρά-

105 2452 185 2485 τει
232 2451 287 2484 τε
333 2442 432 2486 τοῦ
487 2435 902 2503 φαντάσματος,
950 2435 978 2488 ὃ
1028 2437 1095 2504 δὴ
1146 2434 1236 2488 καὶ
1276 2443 1434 2504 φωνῇ
1475 2442 1665 2504 χρῆται
1706 2432 1797 2486 καὶ

108 2524 291 2588 λόγοις
321 2523 456 2591 πρὸς
488 2521 676 2589 αὐτόν,
715 2526 925 2592 χαίρειν
957 2543 1012 2575 τε
1044 2532 1158 2585 τοῖς
1190 2521 1572 2591 γεγενημένοις
1603 2539 1797 2591 παραι-

107 2618 246 2662 νοῦν
280 2608 369 2661 καὶ
402 2611 474 2678 μὴ
508 2619 717 2680 μικρῶν
749 2620 969 2681 κρατεῖν
1001 2612 1434 2680 ὑπολαμβάνειν,
1467 2610 1604 2663 ἀλλὰ
1635 2615 1796 2663 θεῖον

108 2701 343 2768 ἄγγελον
367 2697 731 2767 νενικηκέναι,
770 2698 860 2751 καὶ
893 2708 1120 2768 σημεῖον
1151 2699 1408 2767 ’ἡγεῖσθαι
1440 2707 1600 2752 τοῦτο
1634 2699 1797 2766 μεγά-

43 2801 86 2833 3⁰
110 2791 222 2841 λων
274 2787 503 2856 ἀγαθῶν
558 2785 869 2856 ἐσομένων,
923 2787 1014 2841 καὶ
1064 2796 1162 2840 τοῦ
1209 2786 1476 2856 μηδέποτε
1532 2789 1591 2840 τὸ
1639 2785 1798 2854 γένος

228 2893 252 2941 ς
286 2893 369 2933 327
396 2910 452 2925 =
478 2887 589 2932 Gen.
622 2887 795 2931 XXXII
827 2894 865 2933 7.

1471 2960 1528 3004 5ss
