2052 3141
49 1043 90 1074 10

48 1482 89 1514 15

45 1923 88 1954 :20

46 2362 88 2394 25

45 2801 89 2833 30

822 87 1097 128 ΔΕΤΤΕΡΑ
1730 82 1799 135 95

364 138 367 158 1

116 227 413 293 χαίροντες,
455 222 547 276 ἐπί
580 242 635 274 τε
675 223 850 294 τούτῳ
883 218 1012 273 κάπὶ
1052 227 1125 291 τῷ
1166 221 1262 272 τὸν
1302 215 1568 286 Βενιαμὶν
1609 217 1807 270 ἀποκο-

117 315 289 380 μίζειν
330 319 404 383 τῷ
438 314 620 380 πατρί,
658 311 845 371 καθὼς
883 306 1204 377 ὑπέσχοντο.
1235 374 1238 377 ι
1282 307 1708 375 περιελαύνουσι
1750 303 1798 357 δ’

118 401 318 462 αὐτοὺς
367 400 570 467 ἱππεῖς,
618 400 844 466 ἄγοντες
890 399 987 450 τὸν
1040 395 1255 464 οἰκέτην
1296 395 1354 457 ὃς
1394 392 1692 447 ἐναπέθετο
1732 401 1805 465 τῷ

116 497 215 542 τοῦ
253 486 520 557 Βενιαμὶν
567 490 774 559 φορτίῳ
822 488 918 538 τὸν
967 485 1196 553 σκύφον.
1274 484 1455 551 <12ῖ>
1506 481 1806 552 ταραχθέν-

116 597 209 640 τας
242 574 290 629 δ’
329 577 436 630 ὑπὸ
469 584 562 644 τῆς
594 575 868 644 ἀδοκήτου
908 583 1018 626 τῶν
1061 570 1266 625 ἱππέων
1309 571 1536 641 ἐφόδου,
1575 569 1665 623 καὶ
1706 572 1806 638 τὴν

116 667 296 718 αἰτίαν
342 662 696 732 πυθομένους
745 660 817 715 δι’
870 662 939 729 ἣν
988 659 1069 713 ἐπ’
1116 662 1321 729 ἄνδρας
1373 660 1711 728 ἐληλύθασιν
1754 662 1809 712 οἳ

116 756 312 823 μικρὸν
345 756 659 822 ἔμπροσθεν
691 759 848 819 τιμῆς
879 748 969 802 καὶ
1010 749 1188 813 ξενιάς
1226 751 1582 818 τετυχήκασιν
1623 748 1806 800 αὐτῶν

114 843 259 911 παρὰ
305 849 404 893 τοῦ
457 842 759 906 δεσπότου,
807 842 1093 900 κακίστους
1140 838 1484 905 ἀπεκάλουν,
1532 838 1713 904 <128>
1754 840 1811 889 οἳ

114 926 240 998 μηδ’
296 929 429 982 αὐτὸ
477 937 664 996 τοῦτο,
711 929 811 995 τὴν
860 927 1044 990 ξενίαν
1092 925 1182 978 καὶ
1229 928 1328 994 τὴν
1381 926 1805 995 φιλοφροσύνην

113 1019 213 1086 τὴν
248 1014 542 1086 Ἰωσήπου,
592 1018 683 1068 διὰ
730 1018 945 1084 μνήμης
994 1018 1252 1083 λαβόντες
1293 1015 1393 1067 οὐκ
1435 1015 1689 1082 ὤκνησαν
1729 1015 1806 1075 εἰς

114 1107 284 1160 αὐτὸν
323 1107 504 1160 ἄδικοι
545 1103 833 1174 γενέσθαι,
876 1105 1090 1173 σκύφον
1133 1102 1221 1172 δέ,
1263 1098 1303 1174 ᾧ
1347 1105 1669 1172 φιλοτησίας
1710 1102 1806 1154 αὐ-

112 1204 226 1257 τοῖς
256 1195 580 1263 προύπινεν,
622 1193 886 1263 ἀράμενοι
919 1190 1161 1261 φέροιεν,
1202 1189 1432 1260 κέρδους
1472 1190 1666 1244 ἀδίκου
1706 1194 1806 1259 τήν

113 1303 168 1336 τε
201 1285 336 1353 πρὸς
361 1281 627 1351 Ἰώσηπον
660 1283 851 1350 φιλίαν
884 1283 980 1333 τόν
1012 1278 1069 1332 θ’
1112 1278 1340 1348 ἑαυτῶν,
1381 1281 1431 1331 εἰ
1468 1285 1805 1348 φωραθεῖεν,

112 1373 380 1424 κίνδυνον
415 1370 474 1423 ἐν
508 1368 746 1441 δευτέρῳ
778 1367 1023 1437 θέμενοι.
1102 1369 1283 1435 <129>
1319 1371 1585 1437 τιμωρίαν
1618 1366 1662 1420 τ’
1703 1363 1805 1421 οὗν

115 1460 313 1522 αὐτοὺς
350 1457 573 1528 ὑφέξειν
613 1459 901 1525 ἠπείλουν,
944 1457 1009 1509 οὐ
1050 1459 1324 1518 λαθόντας
1363 1458 1460 1509 τὸν
1499 1458 1636 1509 θεὸν
1678 1454 1798 1509 οὐδ’

115 1548 461 1618 ἀποδράντας
493 1548 624 1615 μετὰ
656 1554 749 1615 τῆς
782 1550 1002 1613 κλοπῆς,
1036 1547 1086 1597 εἰ
1115 1544 1205 1597 καὶ
1238 1547 1334 1598 τὸν
1370 1546 1806 1613 διακονούμενον

115 1635 329 1705 οἰκέτην
386 1634 675 1688 διέλαθον·
738 1631 1103 1686 πυνθάνεσθέ
1166 1653 1221 1685 τε
1276 1642 1382 1686 νῦν
1438 1636 1494 1685 τί
1543 1636 1809 1702 παρόντες

113 1730 326 1794 εἴημεν,
367 1725 439 1787 ὡς
480 1724 579 1777 οὐκ
626 1720 848 1785 εἰδότες·
891 1723 1175 1789 γνώσεσθε
1218 1720 1404 1790 μέντοι
1444 1724 1802 1790 κολαζόμενοι

114 1814 321 1866 αὐτίκα.
400 1811 490 1865 καὶ
522 1819 690 1865 ταῦτα
722 1809 810 1863 καὶ
843 1808 981 1880 πέρα
1021 1811 1230 1862 τούτων
1272 1812 1348 1872 εἰς
1388 1810 1587 1872 αὐτοὺς
1626 1809 1804 1877 λέγων

114 1902 141 1955 ὁ
195 1900 403 1970 οἰκέτης
453 1901 749 1971 ἐνύβριζεν.
838 1900 1019 1966 <130>
1071 1901 1127 1951 οἳ
1175 1896 1222 1950 δ’
1277 1895 1369 1950 ὑπ’
1425 1898 1649 1966 ἀγνοίας
1698 1909 1806 1951 τῶν

111 1989 234 2059 περὶ
283 1990 482 2052 αὐτοὺς
538 1989 827 2059 ἐχλεύαζον
883 1986 969 2040 ἐπὶ
1021 1996 1134 2049 τοϊς
1180 1985 1525 2055 λεγομένοις,
1576 1986 1665 2040 καὶ
1715 1995 1808 2055 τῆς

111 2081 481 2148 κουφολογίας
519 2080 615 2132 τὸν
657 2076 872 2146 οἰκέτην
915 2075 1259 2148 ἐθαύμαζον,
1299 2080 1582 2144 τολμῶντα
1622 2079 1800 2129 αἰτίαν

113 2165 391 2237 ἐπιφέρειν
444 2165 713 2236 ἀνδράσιν
766 2168 823 2218 οἳ
865 2162 1001 2233 μηδὲ
1049 2166 1148 2232 τὴν
1196 2172 1294 2217 τοῦ
1345 2166 1498 2216 σίτου
1539 2166 1701 2232 τιμὴν
1744 2164 1802 2217 ἐν

112 2264 224 2318 τοῖς
258 2257 465 2316 σακιόις
498 2254 678 2306 αὐτῶν
711 2253 1039 2322 εὑρεθεῖσαν
1071 2251 1353 2322 κατέσχον,
1386 2250 1507 2304 ἀλλ’
1541 2251 1801 2320 ἐκόμισαν

113 2345 348 2412 μηδενὸς
402 2345 611 2404 εἰδότος
664 2344 724 2394 τὸ
780 2339 1054 2410 πραχθέν·
1110 2349 1376 2393 τοσοῦτον
1424 2339 1653 2393 ἀποδεῖν
1706 2350 1803 2394 τοῦ

113 2433 302 2502 γνώμῃ
349 2437 735 2500 κακουργῆσαι.
820 2430 999 2496 <131>
1047 2436 1140 2496 τῆς
1187 2427 1372 2496 μέντοι
1421 2427 1469 2496 γ’
1529 2429 1806 2498 ἀρνήσεως

113 2517 559 2587 ἀξιοπιστοτέραν
622 2518 994 2585 ὑπολαβόντες
1055 2519 1155 2585 τὴν
1219 2520 1483 2586 ἔρευναν,
1548 2516 1800 2571 ἐκέλευον

111 2610 278 2679 ταύτῃ
318 2613 583 2678 χρῆσθαι,
630 2605 733 2658 κᾶν
773 2606 976 2675 εὑρεθῇ
1018 2625 1097 2668 τις
1135 2604 1511 2675 ὑφῃρημένος,
1560 2607 1799 2670 ἅπαντας

112 2697 376 2761 κολάζειν.
455 2691 620 2748 οὐδὲν
661 2695 763 2763 γὰρ
813 2691 1024 2756 ἑαυτοῖς
1066 2695 1376 2756 συνειδότες
1415 2691 1552 2762 ἦγον
1592 2714 1798 2765 παρρη-

115 2788 258 2854 σίαν,
298 2786 369 2848 ὡς
410 2783 661 2850 ἐδόκουν,
701 2781 1018 2835 ἀκίνδυνον.
1098 2785 1154 2835 οἳ
1191 2779 1249 2834 δὲ
1289 2784 1389 2850 τὴν
1431 2784 1661 2853 ε”ρευναν
1702 2782 1803 2852 μὲν

234 2891 256 2939 g
293 2890 374 2930 127
404 2908 459 2921 =
485 2884 595 2928 Gen.
628 2883 771 2926 XLIV
805 2888 842 2926 6.
