2052 3141
55 1047 97 1078 10

58 1489 100 1519 15

60 1929 103 1961 20

64 2369 107 2402 25

823 98 1098 139 ΤΕΤΑΡΤΗ
1693 94 1798 144 217

116 254 222 290 πον
263 237 654 304 βαπτίσαντες,
705 233 964 302 ἔρραινον
1010 234 1162 300 τρίτῃ
1210 249 1265 282 τε
1316 227 1407 282 καὶ
1448 227 1652 298 ἑβδόμῃ
1692 237 1802 280 τῶν

116 325 363 394 ἡμερῶν,
409 321 499 375 καὶ
545 320 784 391 καθαροὶ
831 323 891 373 τὸ
940 321 1135 372 λοιπὸν
1175 315 1331 386 ἦσαν.
1408 327 1570 371 τοῦτο
1613 313 1673 369 δὲ
1712 314 1804 368 καὶ

117 417 486 466 κατελθοῦσιν
525 413 603 473 είς
640 411 735 473 τὰς
774 411 1103 479 κληρουχίας
1140 406 1434 476 προσέταξε
1474 415 1669 459 ποιεῖν.

229 501 374 568 <82>
414 500 546 567 μετὰ
588 495 648 551 δὲ
687 499 787 566 τὴν
827 495 914 550 ἐπὶ
952 504 1025 569 τῷ
1059 495 1254 549 πένθει
1293 504 1387 564 τῆς
1427 495 1666 564 ἀδελφῆς
1704 501 1803 546 τοῦ

120 596 355 658 στρατοῦ
394 589 670 657 καθαρσιν
715 587 973 654 τοιαύτην
1013 583 1317 653 γενομένην
1358 583 1528 652 ἀπῆγε
1568 584 1669 651 τὴν
1710 583 1805 634 δύ-

119 697 286 745 ναμιν
320 678 410 729 διὰ
443 685 535 744 τῆς
568 675 773 745 ἐρήμου
813 673 903 727 καὶ
935 681 1028 742 τῆς
1061 671 1330 743 Ἀραβίας.
1408 672 1592 725 ἐλθὼν
1634 668 1681 723 δ’
1729 672 1807 732 εἰς

119 768 323 834 χωρίον
364 765 392 817 ὃ
433 767 771 834 μητρόπολιν
812 763 994 815 αὑτῶν
1019 761 1251 831 ’Ἀραβες
1289 764 1635 829 νενομίκασι,
1675 761 1807 828 πρό-

120 873 280 923 τερον
312 850 412 921 μὲν
440 852 645 922 ’Ἀρκην
679 850 1000 920 λεγομένην,
1040 850 1260 920 Πέτραν
1302 847 1362 902 δὲ
1402 857 1507 902 νῦν
1547 849 1807 917 ὀνομαζο-

124 940 316 1010 μένην,
356 942 499 1009 <83>
527 940 788 1007 ἐνταῦθα,
826 940 1046 1007 ὑψηλοῦ
1078 938 1426 1009 περιέχοντος
1461 939 1626 1006 ὅρους
1658 937 1810 1003 αὐτό,

122 1029 329 1099 ἀναβὰς
361 1027 572 1099 Ἀαρὼν
621 1026 706 1081 ἐπ’
754 1029 886 1081 αὐτὸ
927 1026 1201 1088 *Μωυσέος
1248 1027 1393 1098 αὐτῷ
1437 1028 1812 1094 δεδηλωκότος

123 1119 205 1170 ὅτι
247 1117 436 1187 μέλλοι
477 1121 755 1183 τελευτᾶν,
795 1117 1032 1177 ἅπαντος
1064 1124 1162 1168 τοῦ
1204 1115 1602 1183 στρατεύματος
1641 1113 1812 1183 ὁρῶν-

123 1227 214 1269 τος
264 1205 545 1277 (κάταντες
590 1207 694 1274 γάρ
735 1201 804 1273 ἦν
844 1207 904 1257 τὸ
945 1204 1171 1274 χωρίον)
1222 1202 1519 1255 ἀποδύεται
1566 1204 1666 1270 τὴν
1718 1201 1812 1271 ἀρ-

122 1296 434 1365 χιερατικὴν
474 1297 701 1363 στολήν,
741 1292 830 1346 καὶ
870 1294 1152 1362 παραδοὺς
1191 1292 1363 1360 αὐτὴν
1397 1290 1695 1362 Ἐλεαζάρῳ
1736 1298 1808 1362 τῷ

124 1385 298 1451 παιδί,
337 1385 473 1452 πρὸς
513 1382 577 1434 ὃν
619 1383 710 1434 διὰ
750 1383 850 1450 τὴν
889 1382 1107 1449 ἡλικίαν
1146 1381 1179 1448 ἡ
1222 1380 1599 1449 ἀρχιερωσύνη
1640 1397 1813 1447 παρα-

124 1476 358 1540 γίνεται,
404 1472 638 1538 θνήσκει
686 1478 784 1522 τοῦ
835 1471 1088 1537 πλήθους
1134 1470 1211 1530 είς
1259 1468 1427 1521 αὐτὸν
1474 1467 1813 1537 ἀφορῶντος,

124 1567 197 1632 τῷ
240 1560 339 1629 μὲν
383 1559 528 1631 αὐτῷ
573 1560 897 1626 τελευτήσας
936 1560 1040 1610 ἔτει
1082 1552 1123 1629 ᾧ
1165 1555 1254 1609 καὶ
1287 1558 1387 1625 τὴν
1428 1555 1675 1625 ἀδελφὴν
1715 1554 1814 1608 ἀπ-

128 1648 321 1718 έβαλε,
375 1650 532 1717 βιοὺς
580 1645 628 1699 δ’
676 1649 766 1714 ἔτη
815 1647 880 1699 τὰ
920 1646 1095 1699 πάντα
1146 1649 1267 1715 τρία
1316 1647 1451 1715 πρὸς
1490 1654 1604 1707 τοῖς
1642 1650 1815 1697 εἴκοσι

126 1736 216 1790 καὶ
259 1736 467 1790 ἑκατόν.
544 1737 688 1805 <84>
729 1735 1070 1803 ἀποθνήσκει
1120 1731 1181 1787 δὲ
1232 1735 1367 1786 κατὰ
1409 1737 1646 1802 σελήνην
1686 1753 1815 1786 νου-

127 1829 313 1897 μηνία,
352 1827 523 1895 μηνὸς
562 1827 720 1887 ὄντος
758 1833 857 1877 τοῦ
889 1825 1035 1893 παρὰ
1076 1820 1175 1892 μὲν
1211 1820 1528 1890 Ἀθηναίοις
1558 1820 1816 1890 Ἑκατομ-

128 1918 364 1983 βαιῶνος
395 1912 759 1982 καλουμένου,
799 1910 967 1985 Λςόου
1003 1910 1062 1964 δὲ
1094 1912 1239 1981 παρὰ
1272 1912 1614 1978 Μακεδόσιν,
1649 1907 1816 1978 Ἀββά

130 2000 190 2056 δὲ
229 2000 356 2072 παρ’
395 2001 683 2071 Ἑβραίοις.

240 2091 384 2159 (85)
423 2088 630 2151 πένθος
678 2087 727 2141 δ’
775 2086 856 2141 ἐπ’
905 2089 1050 2160 αὐτῷ
1093 2097 1191 2141 τοῦ
1243 2092 1380 2140 λαοῦ
1419 2084 1876 2157 τριακονθήμε-ἶ)

131 2199 232 2248 ρον
272 2179 520 2246 ἄγοντος,
561 2176 678 2230 ἐπεὶ
716 2174 863 2230 τοῦτ’
913 2177 1226 2246 ἐλώφησεν,
1267 2175 1561 2244 ἀναλαβὼν
1604 2175 1818 2227 ἐκεῖθεν

129 2269 377 2334 Μωυσῆς
415 2269 512 2319 τὸν
553 2267 784 2333 στρατὸν
822 2273 1003 2334 παρῆν
1044 2263 1131 2317 ἐπὶ
1169 2266 1415 2332 ποταμὸν
1448 2261 1722 2332 Ἀρνῶνα,
1763 2263 1821 2325 ὃς

133 2353 192 2407 ἐκ
231 2363 340 2406 τῶν
390 2361 484 2420 τῆς
517 2350 771 2423 Ἀραβίας
822 2352 968 2421 ὀρῶν
1021 2353 1338 2421 ὁρμώμενος
1384 2349 1473 2402 καὶ
1525 2352 1615 2403 διὰ
1657 2348 1822 2419 μέσης

134 2442 340 2512 ἐρήμου
397 2440 538 2511 ρέων
592 2443 670 2503 εἰς
722 2442 822 2509 τὴν
857 2438 1206 2509 Ἀσφαλτιτιν
1254 2443 1454 2508 λίμνην
1508 2439 1821 2507 ἐκδίδωσιν,

134 2531 332 2601 ὁρίζων
378 2532 478 2598 τήν
524 2550 580 2582 τε
627 2532 923 2598 Μωαβιτιν
971 2527 1061 2581 καὶ
1095 2527 1400 2598 Ἀμωριτιν.
1479 2534 1544 2595 γῆ
1588 2524 1636 2579 δ’
1684 2527 1818 2596 αύτη

134 2621 485 2689 καρποφόρος
538 2615 627 2670 καὶ
682 2622 895 2685 πλῆθος
950 2616 1266 2687 ἀνθρώπων
1320 2637 1433 2678 τοις
1482 2613 1609 2685 παρ’
1657 2616 1824 2684 αὐτῆς

136 2707 368 2776 ἀγαθοῖς
417 2707 573 2774 ἱκανὴ
621 2704 859 2775 τρέφειν.
935 2706 1086 2773 <86>
1119 2707 1254 2775 πρὸς
1302 2700 1404 2757 οὖν
1452 2707 1676 2773 Σιχῶνα
1726 2705 1822 2756 τὸν

256 2828 280 2876 ξ
314 2828 367 2866 81
395 2844 449 2859 --
475 2821 612 2866 Num.
645 2821 748 2865 XIX
784 2826 852 2864 11.
984 2826 1007 2873 ξ
1040 2827 1093 2865 82
1123 2843 1177 2856 =
1206 2820 1343 2862 Num.
1378 2819 1461 2862 XX
1493 2825 1562 2862 22.
1708 2824 1731 2872 ἓ
1766 2824 1823 2862 84

137 2919 193 2932 =
217 2896 353 2939 Num.
387 2896 471 2939 XX
504 2899 576 2938 29.
697 2900 719 2948 ξ
754 2899 808 2937 85
837 2917 889 2931 =
914 2894 1051 2937 Num.
1085 2894 1193 2936 XXI
1227 2898 1293 2936 13.
