2052 3141
875 43 1056 83 TPITH
1710 40 1734 88 1
1744 38 1772 89 7
1786 40 1810 89 1

126 179 368 247 ἐνεγκεῖν
398 179 459 230 τὸ
491 177 660 247 βάρος
682 186 791 229 τῶν
825 179 1024 243 λίθων,
1065 172 1281 244 ἑτέρους
1314 175 1414 226 δύο
1447 175 1670 241 κρίκους
1701 176 1814 241 μεί-

127 270 285 330 ζονας
314 272 377 335 τῇ
410 263 538 335 πέζῃ
570 273 668 318 τοῦ
701 263 949 331 ἐσσῆνος,
988 258 1126 333 ᾗπερ
1160 261 1348 331 ἀνήκει
1380 264 1516 331 πρὸς
1553 263 1649 314 τὸν
1688 261 1814 329 τρά-

124 359 321 424 χηλον,
371 353 737 422 ἐμβεβηκότας
775 360 848 423 τῷ
888 351 1169 421 ὑφάσματι
1208 359 1449 418 ποιοῦσι,
1490 347 1815 417 δεξομένους

125 443 345 505 ἁλύσεις
368 441 746 512 εἰργασμένας,
787 444 848 494 αἳ
877 448 1124 510 συνῇσαν
1156 437 1272 492 κατ’
1305 441 1475 509 ἄκρον
1508 448 1617 491 τῶν
1651 440 1814 507 ὤμων

78 539 331 600 ὃσειραῖς
379 529 437 583 ἐκ
484 539 694 600 χρυσοῦ
740 527 1135 597 πεπλεγμέναις
1183 528 1579 581 συνάπτουσαι“
1630 522 1707 579 ὧν
1754 528 1814 580 τὸ

124 620 295 688 ἄκρον
350 617 795 689 ἀνεστραμμένον
851 616 1097 686 ἐνέβαινε
1149 620 1317 688 κρίκῳ
1368 617 1668 685 προύχοντι
1724 622 1817 683 τῆς

122 710 378 769 νωτιαίας
408 706 568 775 πέζης
591 715 690 760 τοῦ
724 705 991 775 ἐφούδου·
1033 706 1213 771 <171>
1239 703 1330 757 καὶ
1362 703 1508 758 τοῦτ’
1541 701 1611 772 ἦν
1644 703 1816 773 ἀσφά-

124 799 242 847 λεια
291 803 364 866 τῷ
419 794 609 862 ἐσσῆνι
658 797 793 863 πρὸς
842 796 902 847 τὸ
955 796 1027 862 μὴ
1075 803 1370 863 περιρρεῖν.
1451 794 1588 861 ζώνη
1640 790 1699 845 δὲ
1739 800 1812 863 τῷ

124 883 313 951 ἐσσῆνι
343 882 748 953 προσέρραπται
781 883 1062 951 βάμμασιν
1096 876 1177 944 οἷς
1216 891 1482 950 προεῖπον
1515 882 1646 949 μετὰ
1686 902 1816 950 χρυ-

57 987 98 1018 10
123 980 225 1025 σοῦ
271 974 615 1042 προσφερής,
657 971 690 1039 ἣ
731 972 1134 1041 περιοδεύσασα
1187 972 1362 1023 δεῖται
1410 969 1576 1021 πάλιν
1625 967 1712 1021 ἐπὶ
1751 976 1813 1037 τῇ

123 1060 269 1130 ῥαφῇ
321 1059 412 1113 καὶ
465 1063 908 1129 κατακρίμναται.
986 1062 1114 1122 τοὺς
1166 1056 1226 1112 δὲ
1278 1059 1564 1120 θυσάνους
1618 1066 1820 1126 χρυσαῖ

123 1149 379 1218 σύριγγες
417 1147 544 1202 καθ’
594 1147 853 1219 ἑκατέραν
894 1151 1068 1218 ἄκραν
1110 1148 1440 1217 ἐκλαβοῦσαι
1480 1147 1685 1209 πάντας
1725 1146 1815 1214 ἐμ-

121 1235 471 1307 περιέχουσιν
511 1233 686 1290 αὗται.

233 1327 412 1394 <172>
445 1331 602 1389 πῖλος
635 1323 683 1379 δ’
716 1323 785 1395 ἦν
819 1323 918 1395 μὲν
952 1326 980 1379 ὁ
1013 1324 1103 1378 καὶ
1135 1327 1403 1393 πρότερον
1438 1324 1605 1395 αὐτῷ,
1644 1342 1817 1392 παρα-

59 1428 100 1460 15
123 1417 365 1483 πλησίως
405 1413 761 1484 εἰργασμένος
800 1424 913 1477 τοῖς
951 1422 1119 1466 πᾶσιν
1163 1415 1430 1482 ἱερεῦσιν,
1468 1409 1606 1481 ὑπὲρ
1649 1412 1817 1466 αὐτὸν

123 1499 184 1555 δὲ
225 1502 670 1574 συνερραμμένος
724 1503 904 1572 ἕτερος
952 1502 1004 1566 ἐξ
1053 1503 1329 1555 ὑακίνθου
1381 1500 1818 1570 πεποικιλμένος·

120 1590 460 1661 περιέρχεται
487 1589 546 1645 δὲ
573 1591 841 1662 στέφανος
873 1599 1132 1661 χρυσοῦς,
1174 1589 1260 1643 ἐπὶ
1292 1593 1595 1659 τριστιχίαν
1627 1594 1817 1659 κεχαλ-

121 1679 404 1749 κευμένος·
444 1681 641 1734 θάλλει
686 1679 734 1733 δ’
783 1679 864 1733 ἐπ’
911 1680 1057 1751 αὐτῷ
1099 1679 1266 1742 κάλυξ
1308 1687 1547 1749 χρυσοῦς
1586 1686 1648 1748 τῇ
1691 1693 1818 1731 σακ-

122 1769 270 1842 χάρςο
310 1769 516 1839 βοτάνῃ
548 1767 673 1839 παρ’
713 1770 846 1838 ἡμῖν
879 1767 1145 1838 λεγομένῃ
1188 1767 1683 1837 ἀπομεμιμημένος,
1722 1767 1819 1829 ὑὸς

57 1871 100 1902 20
125 1854 185 1910 δὲ
235 1858 448 1926 κύαμον
495 1855 779 1926 Ἑλλήνων
829 1857 887 1910 οἰ
936 1855 1060 1926 περὶ
1115 1857 1282 1925 τομὰς
1337 1856 1500 1925 ῥιζῶν
1553 1855 1820 1924 ἐμπείρως

123 1947 338 2015 ἔχοντες
386 1947 916 2015 προσαγορεύουσιν.
996 1946 1176 2013 <173>
1226 1946 1277 1996 εἰ
1316 1943 1380 1996 δέ
1424 1964 1504 2006 τις
1544 1944 1576 2012 ἢ
1616 1944 1818 1996 θεασά-

126 2053 289 2102 μενος
335 2035 436 2102 τὴν
482 2034 723 2103 βοτάνην
771 2034 985 2105 ἀμαθία
1031 2034 1231 2086 τούτου
1279 2032 1471 2100 ἀγνοεῖ
1506 2034 1606 2100 τὴν
1646 2033 1818 2101 φύσιν

125 2122 308 2190 αὐτῆς,
347 2121 380 2190 ἢ
421 2123 521 2190 τὴν
559 2127 756 2191 κλῆσιν
797 2122 1152 2190 ἐπιστάμενος
1193 2120 1293 2174 οὐκ
1333 2120 1401 2173 ἂν
1444 2122 1579 2173 ἰδὼν
1619 2124 1818 2189 γνωρί-

126 2224 256 2277 σειε,
295 2219 407 2272 τοῖς
446 2209 589 2262 οὕτω
623 2211 691 2278 δὴ
726 2211 912 2279 ἔχουσι
953 2219 1176 2278 σημανῶ
1217 2211 1313 2262 τὸν
1352 2211 1573 2278 τρόπον.
1637 2208 1817 2275 <174>

58 2312 100 2344 25
126 2298 330 2367 βοτάνη
363 2295 463 2366 μέν
495 2297 643 2350 ἐστιν
675 2295 813 2368 ὑπὲρ
854 2308 998 2368 τρεῖς
1038 2298 1318 2366 σπιθαμὰς
1356 2297 1617 2358 πολλάκις
1657 2295 1819 2359 αὐξα-

125 2384 329 2455 νομένη
355 2388 415 2439 τὸ
447 2386 605 2454 ὕψος,
644 2388 745 2455 τὴν
780 2383 839 2439 δὲ
873 2387 1026 2456 ῥίζαν
1061 2386 1298 2456 ἐμφερὴς
1329 2386 1586 2454 βουνιάδι
1628 2382 1817 2454 (ταύτῃ

126 2476 230 2545 γὰρ
271 2475 372 2528 οὐκ
411 2473 480 2527 ἂν
521 2473 751 2544 ἁμάρτοι
789 2495 871 2537 τις
909 2475 1134 2539 εἰκάζων
1175 2472 1392 2543 αὐτήν),
1431 2474 1495 2526 τά
1536 2469 1596 2525 δὲ
1636 2474 1818 2541 φύλλα

126 2573 239 2626 τοῖς
278 2563 551 2631 εὐζώμων.
629 2562 688 2615 ἐκ
728 2561 914 2631 μέντοι
959 2573 1069 2616 τῶν
1116 2563 1336 2616 κλάδων
1385 2560 1571 2630 ἀνίησι
1610 2562 1818 2614 κάλυκα

126 2659 365 2722 προσεχῆ
416 2659 490 2723 τῷ
532 2655 727 2704 κλωνί·
774 2654 1008 2721 περίεισι
1058 2648 1107 2703 δ’
1156 2651 1328 2719 αὐτὴν
1368 2653 1629 2720 ἔλυτρον,
1685 2649 1817 2719 ὅπερ

60 2752 106 2784 30
131 2739 479 2810 ἀποκρίνεται
532 2738 660 2792 καθ’
708 2740 839 2793 αὑτὸ
893 2742 1030 2810 πρὸς
1083 2741 1180 2792 τὸν
1231 2740 1442 2808 καρπὸν
1493 2741 1817 2807 μεταβαλεῖν

249 2846 273 2894 ξ
309 2846 391 2886 170
417 2862 473 2877 =
497 2841 641 2884 Exod.
674 2841 868 2884 XXVIII
899 2845 976 2893 243
1009 2839 1200 2883 XXXIX
1234 2843 1301 2883 15.
