2052 3141
900 96 1110 137 ΠΡΩΤΗ
1777 95 1847 147 49

157 232 357 285 τούτου
408 227 469 283 δὲ
508 231 855 298 Λατούσιμος
881 228 1176 294 ’Ἀσσουρις
1215 231 1501 297 Λουόμης,
1548 229 1847 282 Μαδιάνου

159 317 219 373 δὲ
254 317 419 388 Ἐφᾶς
451 315 663 387 Ὠφρὴν
690 316 933 387 ’Ἀνωχος
966 315 1183 385 Ἐβιδᾶς
1217 315 1422 380 Ἐλδᾶς.
1502 319 1683 386 <239>
1724 319 1847 370 τούἡ

158 427 272 470 τοις
310 408 477 460 ἅπασι
510 415 622 469 τοῖς
653 405 806 458 παισὶ
847 404 936 458 καὶ
977 415 1090 468 τοῖς
1128 406 1352 468 υἱωνοῖς
1377 405 1654 476 ’Ἀβραμος
1694 405 1848 458 ἀποι-

156 505 292 548 κιῶν
319 498 547 557 στόλους
571 501 894 564 μηχανᾶται,
927 492 1016 545 καὶ
1050 496 1148 561 τήν
1181 514 1235 546 τε
1270 495 1657 563 Τρωγλοδῦτιν
1690 514 1849 547 κατα-

112 584 531 653 ὅλαμβάνουσι,
581 581 670 635 καὶ
721 584 866 651 [τὴν]
920 590 1012 651 τῆς
1061 583 1388 650 εὐδαίμονος
1423 580 1674 652 Ἀραβίας
1715 584 1848 636 ὅσον

160 671 246 724 ἐπὶ
291 674 391 740 τὴν
425 669 715 740 Ἐρυθρὰν
762 671 1042 723 θάλατταν
1091 673 1336 738 καθήκει.
1415 670 1626 739 λέγεται
1680 669 1728 723 δ’
1777 672 1847 734 ὡς

159 757 319 822 οὗτος
360 760 387 812 ὁ
423 756 631 828 Ὠφρὴν
681 761 1010 828 στρατεύσας
1058 757 1144 811 ἐπὶ
1195 760 1294 827 τὴν
1334 761 1554 829 Λιβύην
1593 758 1850 829 κατέσχεν

159 848 349 915 αὐτήν,
388 845 477 899 καὶ
511 847 567 900 οί
594 846 790 899 υἱωνοὶ
824 846 993 900 αὐτοῦ
1026 850 1444 915 κατοικήσαντες
1484 847 1542 900 ἐν
1577 848 1710 917 αὐτῇ
1752 850 1851 916 τὴν

158 943 262 1003 γῆν
310 935 414 988 ἀπὸ
462 943 560 988 τοῦ
602 934 816 987 ἐκείνου
866 935 1133 1003 ὀνόματος
1167 933 1430 1004 Ἀφρικὴν
1479 940 1852 1006 προσηγόρευ-

93 1041 135 1072 10
160 1038 278 1076 σαν.
357 1024 537 1091 <24Ο>
563 1032 829 1092 μαρτυρεῖ
858 1022 923 1075 δέ
944 1044 1050 1091 μου
1084 1031 1156 1094 τῷ
1194 1026 1338 1096 λόγῳ
1372 1023 1461 1076 καὶ
1497 1021 1853 1094 Ἀλέξανδρος

160 1113 188 1166 ὁ
239 1114 586 1181 πολυίστωρ,
641 1110 816 1179 λέγων
873 1111 1046 1174 οὕτως
1094 1111 1437 1180 (Κλεόδημος
1486 1111 1551 1164 δέ
1601 1127 1772 1181 φησιν
1823 1113 1850 1166 ὁ

158 1202 457 1269 προφήτης,
499 1201 526 1254 ὁ
567 1198 654 1252 καὶ
689 1201 936 1269 ἡΜάλχος,
978 1201 1005 1253 ὁ
1042 1201 1275 1269 ι’στορῶν
1308 1202 1372 1252 τὰ
1404 1200 1527 1270 περὶ
1563 1198 1848 1253 Ἰουδαίων

160 1290 346 1350 καθὼς
383 1287 473 1340 καὶ
511 1291 759 1356 Μωυσῆς
801 1289 1086 1356 ἱστόρησεν
1121 1288 1148 1341 ὁ
1182 1287 1489 1357 νομοθέτης
1530 1289 1730 1357 αὐτῶν,
1772 1289 1852 1341 ὅτι

162 1377 219 1429 ἐκ
281 1385 374 1445 τῆς
436 1378 711 1446 Χετούρας
760 1374 1010 1449 Ἁβράμῳ
1075 1374 1329 1444 ἐγένοντο
1391 1380 1581 1440 παῖδες
1637 1377 1850 1431 ι”κανοι’.’

95 1481 136 1514 15
163 1466 344 1533 <241>
372 1463 517 1532 λέγει
551 1462 610 1517 δὲ
644 1465 824 1517 αὐτῶν
857 1462 947 1517 καὶ
979 1466 1043 1516 τὰ
1077 1465 1336 1533 ὀνόματα,
1378 1466 1661 1534 ὀνομάζων
1694 1475 1854 1535 τρεῖς,

156 1551 391 1623 Ἀφέραν
432 1552 678 1622 Σουρεὶμ
714 1551 953 1622 Ἰάφραν.
1033 1553 1137 1606 ἀπὸ
1172 1553 1418 1623 Σουρεὶμ
1459 1551 1558 1622 μὲν
1598 1555 1698 1622 τὴν
1735 1552 1850 1606 Ἀσ-

163 1645 360 1710 συρία-’ν
408 1647 742 1709 κεκλῆσθαι,
799 1641 902 1694 ἀπὸ
953 1638 1012 1693 δὲ
1062 1651 1171 1694 τῶν
1220 1643 1357 1709 δύο,
1409 1640 1608 1711 Ἀφέρα
1660 1661 1715 1694 τε
1763 1641 1855 1694 καὶ

156 1715 367 1799 Ἰάφρα,
398 1733 562 1783 πόλιν
594 1750 648 1783 τε
669 1728 884 1798 ’Ἀφραν
910 1728 998 1782 καὶ
1024 1731 1124 1797 τὴν
1149 1730 1333 1799 χώραν
1361 1727 1627 1799 Ἀφρικὴν
1656 1731 1854 1799 ὀνομα-

164 1823 389 1886 σθῆναι·
425 1819 652 1880 τούτους
678 1819 780 1887 γὰρ
806 1816 1069 1884 “Ηρακλεῖ
1091 1827 1484 1886 συστρατεῦσαι
1512 1817 1598 1871 ἐπὶ
1633 1820 1851 1887 Λιβύην

96 1923 140 1955 20
162 1904 252 1958 καὶ
279 1903 549 1975 Ἀνταῖον,
581 1906 829 1974 γήμαντά
860 1925 916 1958 τε
950 1908 1049 1974 τὴν
1069 1905 1250 1975 ’Ἀφρα
1274 1905 1554 1975 θυγατέρα
1579 1905 1853 1976 “Ηρακλεά

163 2002 423 2063 γεννῆσαι
462 1995 588 2048 υἱὸν
630 1994 682 2058 ἐξ
725 1995 890 2062 αὐτῆς
926 1996 1188 2063 Δίδωρον
1202 2035 1216 2061 ,
1256 1996 1453 2048 τούτου
1495 1992 1555 2047 δὲ
1596 1994 1857 2063 γενέσθαι

164 2086 434 2152 Σοφῶνα,
485 2081 577 2152 ἀφ’
632 2079 699 2136 οὗ
747 2085 876 2145 τοὺς
927 2083 1241 2153 βαρβάρους
1280 2085 1542 2152 Σόφακας
1582 2082 1856 2151 λέγεσθαι.

276 2171 458 2239 <242>
493 2169 684 2244 Ἰσάκῳ
727 2169 786 2224 δὲ
825 2170 950 2240 περὶ
982 2173 1408 2241 τετταρακοστὸν
1449 2173 1565 2234 ἔτος
1604 2175 1855 2239 γεγονότι
1878 2172 1944 2224 16

166 2262 400 2326 γυναῖκα
439 2263 607 2327 γνοὺς
640 2258 944 2328 ἀγαγέσθαι
985 2261 1013 2314 ὁ
1046 2263 1220 2329 πατὴρ
1247 2259 1524 2329 ’Ἀβραμος
1554 2258 1859 2328 (Ρεβέκκαν,

99 2363 142 2395 225
166 2348 444 2416 Ναχώρου
491 2349 686 2410 παιδὸς
734 2346 1014 2418 θυγατέρα
1061 2348 1364 2417 τάδελφοῦ,
1418 2349 1514 2400 τὸν
1552 2350 1856 2417 πρεσβύτα-

166 2456 264 2490 τον
311 2434 507 2504 πέμπει
554 2445 663 2488 τῶν
712 2438 937 2490 οἰκετῶν
986 2435 1074 2489 ἐπὶ
1120 2439 1219 2505 τὴν
1260 2439 1582 2505 μνηστείαν,
1631 2435 1860 2505 ἐνδησά-

168 2543 332 2592 μενος
364 2524 620 2592 μεγάλαις
651 2527 878 2577 πίστεσι.
958 2526 1138 2593 <243>
1174 2528 1424 2592 γίνονται
1457 2523 1504 2576 δ’
1545 2520 1704 2576 αὗται
1736 2533 1860 2577 τοῦ-

169 2632 265 2665 τον
303 2614 401 2665 τὸν
434 2615 662 2682 τρόπον·
704 2613 810 2666 ὑπὸ
844 2616 970 2675 τοὺς
1003 2615 1210 2682 μηροὺς
1250 2612 1506 2680 ἀλλήλοις
1543 2614 1637 2675 τὰς
1676 2621 1859 2682 χεῖρας

172 2700 559 2769 ἐπαγαγόντες,
615 2699 776 2753 ἔπειτ’
833 2700 1218 2754 ἐπικαλοῦνται
1273 2703 1369 2753 τὸν
1423 2702 1561 2754 θεὸν
1613 2700 1860 2769 μάρτυρα

107 2803 150 2834 30
174 2798 284 2841 τῶν
325 2787 617 2858 ἐσομένων.
696 2791 893 2857 ἔπεμπε
945 2787 1004 2842 δὲ
1052 2789 1140 2842 καὶ
1183 2792 1332 2859 δῶρα
1372 2798 1484 2851 τοῖς
1524 2787 1636 2841 ἐκεῖ
1673 2790 1764 2842 διὰ
1802 2792 1863 2842 τὸ

297 2894 321 2942 ξ
354 2894 438 2933 239
466 2912 522 2926 =
547 2889 658 2934 Gen.
692 2890 821 2933 XXV
855 2896 892 2934 6.

266 2971 480 3004 Iosnpnus.
515 2981 540 3003 1.
1572 2969 1599 3006 4
