2052 3141
94 1018 136 1048 10

94 1458 136 1490 15

91 1900 134 1930 20

94 2340 135 2371 25

91 2780 135 2812 30

868 74 1133 113 HEMHTH
1741 69 1849 120 289

161 208 264 277 γὰρ
308 203 399 276 ἦν)
440 207 924 274 μεταπεμψάμενος
970 208 1097 267 τοὺς
1149 203 1229 257 ἐπ’
1277 205 1579 273 ἀξιώματος
1619 204 1852 272 μάλιστα

160 305 271 347 τῶν
309 296 524 347 πόλεων
558 292 649 346 καὶ
681 295 774 356 τὰς
805 293 974 363 ἀρχὰς
1005 292 1095 345 καὶ
1128 295 1228 361 τὴν
1268 296 1584 362 γερουσίαν,
1623 290 1713 344 καὶ
1753 299 1852 344 τοῦ

159 386 413 451 πλήθους
452 382 587 436 ὅσον
618 379 688 450 ἦν
722 382 945 451 ἐφικτὸν
985 381 1131 452 αὐτῷ
1175 383 1523 449 συναγαγών,
1564 379 1678 434 ἐπεὶ
1718 399 1854 449 παρ-

160 479 321 539 ἦσαν,
352 470 446 532 τάς
477 489 532 522 τε
570 470 882 539 εὐεργεσίας
914 478 1012 523 τοῦ
1036 475 1176 522 θεοῦ
1210 468 1418 531 ἁπάσας
1451 468 1855 538 ἀνεμίμνησκεν

162 559 362 620 αὐτούς
403 557 624 628 (πολλαὶ
659 555 711 610 δ’
750 554 891 626 ἦσαν
931 567 1045 620 τοῖς
1079 557 1136 610 ἐκ
1168 566 1429 610 ταπεινοῦ
1469 559 1738 626 σχήματος
1778 559 1855 619 εἰς

161 656 323 700 τοῦτο
357 646 519 715 δόξης
550 645 640 699 καὶ
672 650 988 715 περιουσιάς
1019 644 1404 716 προελθοῦσι),
1444 647 1622 713 <116>
1648 646 1854 714 φυλάτ-

161 756 276 788 τειν
323 755 379 788 τε
427 738 526 804 τὴν
568 744 666 789 τοῦ
715 741 855 788 θεοῦ
893 739 1216 804 προαίρεσιν
1257 737 1493 803 ἔχουσαν
1534 734 1677 786 οὕτω
1718 735 1854 803 πρὸς

161 825 362 886 αὐτοὺς
399 825 711 893 παρεκάλει,
751 831 876 893 τιμῇ
917 824 1061 893 πάσῃ
1102 821 1418 893 χρωμένους
1456 820 1545 874 καὶ
1585 822 1853 892 εὐσεβείᾳ,

160 908 194 982 ᾗ
234 915 376 983 μόνῃ
424 916 590 981 φίλον
638 912 822 974 αὐτοῖς
869 913 1150 979 διαμενεῖν
1197 913 1256 964 τὸ
1305 916 1480 963 θεῖον.
1560 911 1705 981 αὑτςό
1748 912 1852 979 γὰρ

160 1006 336 1064 καλῶς
370 1004 534 1071 ἔχειν,
574 1000 792 1053 ἀπιέναι
825 1000 1079 1069 μέλλοντι
1111 1008 1209 1053 τοῦ
1246 1003 1358 1068 ζῆν,
1397 1002 1724 1068 παραίνεσιν
1758 999 1852 1051 αὐ-

158 1100 272 1152 τοῖς
309 1091 568 1159 τοιαύτην
607 1094 944 1156 καταλιπεῖν,
983 1088 1270 1150 κάκείνους
1310 1088 1466 1155 ἠξίου
1509 1088 1599 1139 διὰ
1641 1089 1853 1155 μνήμκης

157 1182 497 1248 ποιήσασθαι
537 1180 637 1246 τὴν
677 1176 1090 1247 παρακέλευσιν.

269 1267 449 1335 <117>
482 1265 572 1319 καὶ
605 1266 633 1318 ὃ
668 1263 767 1334 μὲν
807 1274 1043 1319 τοσαῦτα
1082 1267 1219 1334 πρὸς
1257 1267 1384 1326 τοὺς
1422 1266 1696 1333 παρόντας
1735 1265 1851 1316 δια-

159 1354 376 1425 λεχθεὶς
406 1359 650 1425 τελευτᾷ,
690 1357 844 1422 βιοὺς
883 1352 1076 1406 ἑκατὸν
1117 1355 1206 1420 ἔτη
1249 1350 1338 1404 καὶ
1379 1350 1528 1419 δέκα,
1569 1347 1646 1405 ὧν
1680 1356 1851 1405 Μωυ-

162 1454 249 1497 σεῖ
299 1441 400 1513 μὲν
464 1443 551 1496 ἐπὶ
615 1444 941 1513 διδασκαλίᾳ
995 1451 1104 1494 τῶν
1159 1443 1443 1510 χρησίμων
1499 1440 1850 1510 συνδιέτριψε

157 1533 570 1603 τετταράκοντα,
611 1533 909 1600 στρατηγὸς
942 1528 1002 1582 δὲ
1035 1531 1166 1598 μετὰ
1207 1531 1307 1597 τὴν
1341 1528 1553 1581 ἐκείνου
1594 1531 1851 1598 τελευτὴν

157 1624 365 1688 γίνεται
411 1619 570 1673 πέντε
623 1618 714 1672 καὶ
754 1625 952 1685 εἴκοσι,
1006 1619 1186 1686 <118>
1226 1617 1365 1686 ἀνὴρ
1407 1619 1537 1685 μήτε
1581 1617 1852 1680 συνέσεως

159 1711 236 1763 ὢν
277 1709 467 1777 ἐνδεὴς
514 1711 645 1777 μήτε
693 1717 792 1761 τοῦ
838 1709 902 1760 τὰ
948 1705 1225 1775 νοηθέντα
1273 1708 1409 1774 πρὸς
1446 1708 1575 1767 τοὺς
1613 1709 1852 1769 πολλοὺς

159 1808 346 1867 σαφῶς
386 1797 690 1865 ἐξενεγκεῖν
731 1798 978 1866 ἄπειρος,
1030 1792 1148 1847 ἀλλ’
1198 1793 1256 1846 ἐν
1297 1792 1627 1863 ἀμφοτέροις
1667 1796 1850 1865 ἄκρος,

156 1890 293 1957 πρός
330 1906 386 1939 τε
426 1882 598 1955 τᾶργα
639 1884 728 1938 καὶ
776 1888 903 1947 τοὺς
941 1885 1240 1945 κινδύνους
1279 1883 1518 1952 εὔψυχος
1556 1881 1647 1934 καὶ
1687 1903 1850 1950 μεγα-

157 1978 439 2044 λότολμος,
477 1977 855 2044 πρυτανεῦσαί
889 1993 944 2025 τε
986 1974 1050 2025 τὰ
1082 1973 1216 2024 κατὰ
1256 1973 1357 2039 τὴν
1397 1973 1623 2040 εἰρήνην
1665 1971 1850 2034 δεξιώ-

156 2084 315 2126 τατος
344 2062 435 2116 καὶ
466 2065 603 2127 πρὸς
635 2064 847 2115 ἅπαντα
880 2064 1073 2131 καιρὸν
1112 2063 1211 2129 τὴν
1253 2060 1450 2129 ἀρετὴν
1489 2058 1849 2129 ἡρμοσμένος.

158 2153 339 2220 <119>
372 2152 636 2204 θάπτεται
670 2148 730 2203 δὲ
765 2151 824 2203 ἐν
855 2153 1010 2203 πόλει
1039 2153 1233 2220 Θαμνᾷ
1273 2156 1368 2216 τῆς
1401 2147 1705 2217 Ἐφραίμου
1745 2169 1849 2216 φυ-

158 2244 268 2308 λῆς.
344 2242 577 2307 θνήσκει
617 2236 666 2290 δ’
705 2237 796 2291 ὑπ’
837 2239 1006 2291 αὐτὸν
1039 2240 1135 2290 τὸν
1175 2239 1368 2304 καιρὸν
1409 2235 1499 2288 καὶ
1532 2235 1849 2306 Ἐλεάζαρος

162 2329 190 2382 ὁ
225 2327 525 2398 ἀρχιερεύς,
562 2326 796 2397 Φινεέσῃ
830 2335 902 2397 τῷ
929 2325 1084 2378 παιδὶ
1108 2327 1208 2394 τὴν
1242 2325 1657 2394 ἀρχιερωσύνην
1690 2346 1848 2377 κατα-

159 2418 354 2484 λιπών,
392 2414 482 2468 καὶ
515 2424 781 2484 μνημεῖον
815 2415 959 2485 αὐτῷ
994 2412 1084 2466 καὶ
1117 2415 1287 2482 τάφος
1328 2412 1386 2465 ἐν
1421 2415 1472 2464 Γ
1468 2416 1653 2484 αβαθᾷ
1692 2415 1848 2466 πόλει

159 2505 430 2573 τυγχάνει.

1885 1278 1939 1317 29

272 2592 452 2660 <120>
487 2592 619 2660 μετὰ
657 2588 716 2644 δὲ
748 2593 848 2660 τὴν
880 2592 1092 2644 τούτων
1125 2591 1383 2657 τελευτὴν
1411 2588 1676 2658 Φινεέσης
1715 2608 1846 2659 προ-
1873 2592 1905 2642 2

159 2682 384 2750 φητεύει
416 2681 550 2732 κατὰ
583 2681 683 2748 τὴν
715 2689 813 2733 τοῦ
851 2685 991 2732 θεοῦ
1031 2680 1317 2748 βούλησιν,
1359 2676 1437 2729 ἐπ’
1488 2678 1709 2749 ἐξωλείᾳ
1748 2687 1847 2731 τοῦ

161 2771 491 2822 Χαναναίων
524 2766 717 2836 γένους
748 2776 810 2837 τῇ
846 2766 1028 2821 Ἰούδα
1059 2771 1207 2837 φυλῇ
1247 2776 1547 2835 παρασχεῖν
1585 2768 1685 2834 τὴν
1723 2767 1846 2834 ἡγε-

278 2873 302 2922 ἓ
337 2874 420 2912 115
448 2891 500 2905 =
527 2869 613 2912 IOS.
647 2868 796 2912 XXIV
830 2874 868 2913 1.
991 2873 1014 2921 ξ
1052 2874 1134 2912 119
1163 2890 1215 2904 =
1240 2866 1383 2910 Iudic.
1417 2867 1459 2909 Π
1492 2872 1530 2911 8.

246 2951 455 2984 ΙοεΕΡΗυει.
495 2951 526 2983 1.
1522 2945 1542 2982 1
1551 2945 1574 2983 9
