2052 3141
892 91 1166 133 TETAPTH
1761 86 1869 139 253

177 230 568 299 ἀπαραίτητος,
617 221 683 278 οὗ
732 227 799 277 σὺ
854 226 925 293 μὴ
966 223 1326 293 πειραθείης.’
1406 222 1586 290 <263>
1625 221 1728 274 κᾶν
1770 218 1869 289 μὲν

179 319 393 380 τούτοις
431 315 804 385 θεραπεύηται
843 315 904 366 τὸ
945 322 1054 365 τῶν
1094 310 1236 365 νέων
1277 312 1550 380 αὔθαδες,
1601 309 1871 363 ἀπαλλατ-

179 405 468 460 τέσθωσαν
518 412 628 456 τῶν
684 400 771 455 ἐπὶ
834 411 947 464 τοῖς
1000 398 1364 469 ἠγνοημένοις
1418 400 1673 453 ὀνειδῶν·
1727 398 1869 452 οὕτω

178 496 281 563 γὰρ
331 493 400 546 ἂν
449 492 477 545 ὅ
525 511 581 545 τε
638 488 947 559 νομοθέτης
993 489 1204 558 ἀγαθὸς
1259 494 1339 557 εἴη
1396 486 1483 541 καὶ
1541 488 1598 540 οἱ
1647 484 1873 553 πατέρες

133 582 450 652 5εὐτυχεϊς,
508 579 608 634 οὐκ
660 579 939 641 ἐπιδόντες
993 579 1118 632 οὔτε
1165 579 1293 631 υἱὸν
1340 579 1705 645 κολαζόμενον
1747 576 1872 628 οὔτε

175 669 470 740 θυγατέρα.
548 669 729 737 <264>
770 663 811 740 ᾧ
864 663 913 720 δ’
960 667 1028 720 ἂν
1080 668 1137 720 οἱ
1184 669 1339 734 λόγοι
1387 663 1476 718 καὶ
1523 665 1555 733 ἡ
1604 660 1729 733 παρ’
1778 662 1873 714 αὐ-

178 770 288 813 τῶν
330 761 655 812 διδασκαλία
694 766 792 810 τοῦ
834 765 1149 825 σωφρονεῖν
1188 757 1248 808 τὸ
1291 751 1464 823 μηδὲν
1505 750 1647 806 εἶναι
1687 761 1874 821 φανῶ-

179 863 303 916 σιν,
359 846 596 916 ἐχθροὺς
651 843 699 898 δ’
747 845 1061 907 ἀσπόνδους
1110 852 1237 913 ποιῇ
1291 842 1437 914 αὑτῷ
1491 844 1619 904 τοὺς
1669 843 1876 908 νόμους

180 944 292 998 τοῖς
333 933 584 1004 συνεχέσι
624 935 757 986 κατὰ
798 943 905 986 τῶν
946 931 1156 1001 γονέων
1196 933 1536 1000 τολμήμασι,
1576 926 1877 999 προαχθεὶς

117 1043 159 1075 10
182 1021 274 1076 ὑπ’
321 1023 502 1076 αὐτῶν
543 1024 756 1076 τούτων
797 1021 896 1085 ἔξω
943 1029 1036 1088 τῆς
1074 1023 1284 1082 πόλεως
1323 1028 1421 1072 τοῦ
1461 1021 1713 1086 πλήθους
1754 1015 1877 1070 ἑπο-

183 1111 352 1181 μένου
399 1109 815 1179 καταλευέσθω,
862 1109 952 1163 καὶ
1000 1115 1188 1178 μείνας
1235 1105 1306 1160 δι’
1356 1108 1485 1176 ὅλης
1533 1115 1624 1175 τῆς
1675 1104 1879 1175 ἡμέρας

181 1203 258 1264 εἰς
287 1199 428 1253 θέαν
460 1202 560 1269 τὴν
597 1199 854 1253 ἁπάντων
885 1197 1186 1252 θαπτέσθω
1220 1199 1430 1259 νυκτός.
1509 1195 1692 1263 <265>
1733 1194 1876 1247 οὕτω

183 1287 243 1342 δὲ
282 1288 373 1342 καὶ
414 1289 471 1342 οἱ
509 1289 764 1342 ὁπωσοῦν
794 1288 902 1341 ὑπὸ
935 1297 1045 1340 τῶν
1085 1288 1273 1355 νόμων
1314 1284 1678 1353 ἀναιρεθῆναι
1717 1302 1879 1335 κατα-

181 1376 479 1448 κριθέντες.
542 1375 951 1430 θαπτέσθωσαν
978 1373 1037 1428 δὲ
1063 1373 1152 1428 καὶ
1178 1374 1236 1427 οἱ
1263 1371 1533 1442 πολέμιοι,
1564 1371 1654 1425 καὶ
1688 1373 1881 1440 νεκρὸς

116 1485 157 1518 15
182 1463 321 1536 μηδὲ
360 1458 437 1528 εἷς
479 1474 578 1534 γῆς
624 1467 852 1535 ἄμοιρος
901 1467 1134 1531 κείσθω,
1185 1461 1484 1532 περαιτέρω
1525 1469 1623 1514 τοῦ
1664 1462 1880 1513 δικαίου

184 1558 455 1625 τιμωρίαν
496 1554 738 1607 ἐκτίνων.

293 1643 475 1712 <266>
509 1645 776 1707 δανείζειν
811 1639 860 1694 δ’
891 1640 1162 1711 Ἑβραίων
1203 1637 1289 1692 ἐπὶ
1323 1641 1502 1700 τόκοις
1544 1633 1738 1700 ἐξέστω
1782 1657 1881 1705 μη-

184 1731 302 1786 δενὶ
342 1734 472 1801 μήτε
512 1733 728 1801 βρωτὸν
768 1732 897 1799 μήτε
945 1732 1137 1783 ποτόν·
1191 1728 1257 1781 οὐ
1308 1728 1410 1797 γὰρ
1454 1728 1670 1779 δίκαιον
1711 1738 1882 1791 προσ-

1915 1649 1970 1689 25

184 1823 481 1876 οδεύεσθαι
513 1829 612 1873 τοῦ
656 1820 945 1888 ὁμοφύλου
984 1819 1078 1880 τὰς
1117 1818 1299 1886 τύχας,
1339 1814 1478 1868 ἀλλὰ
1518 1816 1881 1883 βοηθήσαντα
1956 1826 1973 1829 ’

116 1928 159 1960 20
182 1919 298 1974 ταῖς
335 1913 540 1981 χρείαις
580 1908 750 1961 αὐτοῦ
789 1906 983 1977 κέρδος
1030 1902 1172 1958 εἶναι
1219 1906 1462 1972 νομίζειν
1503 1905 1603 1970 τήν
1643 1900 1689 1954 τ’
1739 1901 1879 1954 ἑκεί-

183 2019 286 2052 νου
326 1999 675 2068 εὐχαριστίαν
714 1994 804 2049 καὶ
843 1997 943 2064 τὴν
996 1993 1233 2063 ἀμοιβὴν
1272 1994 1373 2061 τὴν
1414 1992 1559 2062 παρὰ
1598 1999 1698 2045 τοῦ
1738 1997 1879 2044 θεοῦ

191 2085 570 2156 γενησομένην
611 2083 698 2139 ε’πὶ
736 2093 799 2154 τῇ
840 2086 1178 2154 χρηστότητι.

296 2176 477 2243 <267>
526 2176 583 2229 οἱ
627 2172 686 2227 δὲ
739 2176 998 2242 λαβόντες
1043 2170 1137 2225 εἴτ’
1185 2171 1421 2240 ἀργύρια
1461 2174 1566 2222 εἴτε
1607 2170 1730 2221 τινὰ
1770 2178 1880 2222 τῶν

187 2274 436 2333 καρπῶν,
473 2263 648 2333 ὑγρὸν
688 2263 721 2331 ἢ
762 2263 956 2333 ξηρόν,
1003 2262 1137 2314 κατὰ
1179 2268 1315 2314 νοῦν
1357 2259 1541 2321 αὐτοῖς
1581 2267 1692 2310 τῶν
1732 2259 1880 2327 παρὰ

121 2370 164 2403 25
188 2361 286 2406 τοῦ
324 2359 464 2406 θεοῦ
503 2352 872 2422 χωρησάντων
923 2352 1233 2418 κομίζοντες
1273 2345 1396 2417 μεθ’
1443 2347 1648 2415 ἡδονῆς
1689 2345 1881 2399 ἀποδω

190 2443 440 2494 δότωσαν
479 2449 592 2504 ταῖς
624 2441 839 2507 δοῦσιν,
879 2439 1058 2507 ὥσπερ
1099 2434 1437 2505 ἀποθέμενοι
1476 2436 1554 2497 εἰς
1592 2435 1656 2486 τὰ
1697 2434 1881 2487 αὑτῶν

190 2528 279 2582 καὶ
318 2529 514 2598 πάλιν,
565 2531 615 2581 εἰ
661 2530 942 2596 δεηθεῖεν,
995 2526 1219 2590 ἕξοντες.
1298 2525 1479 2592 (268)
1520 2522 1590 2575 ἂν
1631 2520 1679 2574 δ’
1729 2521 1883 2574 ἀναι-

193 2627 465 2688 σχυντῶσι
496 2615 620 2687 περὶ
650 2618 751 2685 τὴν
784 2615 1072 2683 ἀπόδοσιν,
1105 2616 1177 2683 μὴ
1209 2615 1345 2683 πρὸς
1375 2614 1477 2680 τὴν
1512 2613 1691 2664 οἰκίαν
1724 2613 1881 2680 βαδί-

319 2753 343 2800 ξ
377 2752 465 2792 264
499 2769 554 2784 =
586 2747 771 2790 Denter.
812 2746 919 2789 XXI
951 2752 1019 2790 21.
1203 2749 1226 2796 ἓ
1268 2747 1352 2787 265
1381 2764 1436 2779 =
1460 2742 1647 2786 Denter.
1682 2741 1788 2784 XXI
1820 2748 1888 2786 23.

204 2827 228 2875 ἓ
260 2826 345 2865 266
374 2844 427 2857 =
454 2821 640 2864 Denter.
673 2820 822 2863 XXIII
859 2825 947 2871 193.
974 2818 1120 2863 Levit.
1155 2817 1284 2861 XXV
1316 2822 1384 2861 36.
1523 2820 1547 2869 ἓ
1583 2821 1665 2860 267
1693 2838 1748 2852 =
1773 2816 1893 2859 Deu-

206 2898 291 2938 ter.
323 2895 473 2938 XXIV
506 2899 581 2947 1ος
616 2893 672 2938 ef.
705 2893 848 2938 Exod.
882 2893 1010 2936 XXII
1042 2897 1110 2936 26.

1921 2183 1975 2223 26
