1975 3111
850 98 1060 139 ΠΡΩΤΗ
1728 95 1796 147 29

109 232 446 294 ἀναστάτους
491 231 674 284 αὐτῶν
725 232 819 293 τὰς
868 234 1052 294 πόλεις
1104 231 1373 300 ἐποίησεν.
1452 231 1633 298 <138>
1687 227 1800 297 ἐγέ-

110 340 276 373 νοντο
318 316 377 372 δὲ
418 317 507 371 καὶ
549 320 843 372 Χαναάνου
883 320 1098 387 παῖδες,
1151 321 1369 387 Σιδών,
1410 319 1469 382 ὃς
1508 317 1597 371 καὶ
1636 321 1800 371 πόλιν

113 408 403 476 ἐπώνυμον
437 410 647 460 ἔκτισεν
681 407 740 460 ἐν
772 415 834 476 τῇ
865 411 1117 478 Φοινίκῃ,
1157 409 1348 460 Σιδὼν
1390 405 1438 460 δ’
1477 404 1571 477 ὑφ’
1612 405 1800 474 Ἑλλή-

110 517 226 550 νων
250 495 340 549 καὶ
363 504 470 549 νῦν
493 500 750 549 καλεῖται.
823 493 1084 564 Ἀμάθιος
1110 493 1170 548 δὲ
1199 494 1447 565 Ἀμάθην
1480 494 1799 567 κατῴκισεν,

60 597 86 630 5
111 586 227 653 ἥτις
267 583 380 638 ἐστὶ
418 583 509 637 καὶ
540 593 647 638 νῦν
678 584 785 638 ὑπὸ
819 581 919 653 μὲν
959 595 1068 637 τῶν
1111 584 1418 654 ἐπιχωρίων
1454 582 1666 653 Ἀμάθη
1708 603 1800 635 κα-

112 672 387 742 λουμένη,
440 675 766 736 Μακεδόνες
821 671 871 725 δ’
925 673 1096 741 αὐτὴν
1132 671 1487 742 Ἐπιφάνειαν
1539 670 1631 741 ἀφ’
1680 670 1803 733 ἑνὸς

111 771 220 814 τῶν
261 761 534 829 ἐπιγόνων
583 761 959 830 ἐπωνόμασαν.
1032 759 1283 831 Ἀράδιος
1334 759 1393 814 δὲ
1422 761 1663 832 Ἄραδον
1702 762 1801 829 τὴν

111 856 285 918 νῆσον
326 851 509 918 ἔσχεν,
558 850 738 917 <139>
775 847 1093 918 Ἀρουκαῖος
1145 847 1204 902 δὲ
1231 848 1438 919 ’Ἀρκην
1485 852 1585 918 τὴν
1627 849 1686 902 ἐν
1726 856 1799 920 τῷ

111 937 355 1009 Λιβάνῳ.
433 946 542 989 τῶν
594 933 644 989 δ’
696 938 879 990 ἄλλων
935 936 1100 1006 ἑπτά,
1158 942 1420 991 Χετταίου
1464 935 1803 1006 Ἰεβουσαίου

46 1039 87 1070 10
106 1023 437 1095 Ἀμορραίου
477 1028 813 1095 Γεργεσαίου
855 1027 1067 1080 Εὐαίου
1102 1025 1424 1080 Ἀσενναίου
1459 1029 1804 1094 Σαμαραίου,

111 1115 256 1182 πλὴν
296 1123 406 1166 τῶν
447 1113 734 1182 ὀνομάτων
774 1124 885 1166 τῶν
920 1114 979 1167 ἐν
1018 1123 1135 1177 ταῖς
1177 1116 1347 1185 ἱεραῖς
1385 1117 1598 1183 βίβλοις
1637 1110 1805 1167 οὐδὲν

112 1204 328 1272 ἔχομεν·
364 1200 609 1272 Ἑβραῖοι
648 1203 752 1272 γὰρ
794 1203 977 1255 αὐτῶν
1017 1202 1322 1272 ἀνέστησαν
1362 1204 1456 1265 τὰς
1495 1206 1706 1270 πόλεις,
1748 1201 1805 1255 ἐκ
1839 1219 1861 1256 3

111 1292 366 1359 τοιαύτης
398 1292 572 1353 αἰτίας
604 1289 664 1343 ἐν
698 1299 957 1363 συμφορᾷ
997 1290 1309 1360 γενομένας.
1388 1292 1567 1358 <140>
1597 1293 1805 1358 Νώεος,

112 1379 245 1446 μετὰ
270 1380 370 1447 τὴν
397 1378 699 1448 ἐπομβρίαν
728 1388 821 1448 τῆς
840 1388 937 1448 γῆς
960 1384 1391 1449 κατασταθείσης
1416 1382 1493 1443 εἰς
1516 1381 1616 1448 τὴν
1642 1380 1807 1448 αὐτῆς

47 1480 88 1512 15
113 1467 317 1536 φύσιν,
358 1465 439 1519 ἐπ’
487 1469 618 1537 ἔργα
659 1467 875 1538 ἐχώρει,
915 1466 1004 1520 καὶ
1044 1469 1456 1537 καταφυτεύσας
1495 1468 1667 1537 αὐτὴν
1709 1468 1806 1536 άμ-

112 1556 316 1623 πέλοις,
356 1555 518 1623 ἡνίκα
558 1565 656 1609 τοῦ
695 1566 907 1624 καρποῦ
939 1555 1441 1626 τελεσφορηθέντος
1480 1554 1608 1609 καθ’
1656 1558 1806 1626 ὥραν

114 1642 376 1712 ἐτρύγησε
410 1642 499 1695 καὶ
531 1652 712 1713 παρῆν
752 1646 829 1706 εἰς
868 1653 1064 1714 χρῆσιν
1090 1647 1117 1699 6
1145 1642 1314 1713 οἶνος,
1351 1647 1531 1707 θύσας
1572 1644 1631 1698 ἐν
1671 1645 1806 1697 εὐω-

113 1734 254 1801 χιάις
293 1728 377 1799 ἦν.
439 1731 618 1799 <141>
652 1731 956 1800 μεθυσθεὶς
996 1735 1027 1786 δ
1038 1731 1049 1750 ’
1096 1736 1174 1796 εἰς
1211 1735 1391 1787 ὕπνον
1430 1731 1806 1802 καταφέρεται,

114 1818 203 1872 καὶ
243 1817 664 1888 γεγυμνωμένος
702 1823 1065 1890 παρακόσμως
1097 1824 1284 1876 ἔκειτο.
1365 1823 1708 1890 θεασάμενος
1748 1819 1802 1875 δ’

48 1922 92 1953 20
116 1908 284 1962 αὐτὸν
325 1908 353 1962 6
394 1909 661 1970 νεώτατος
699 1918 809 1961 τῶν
841 1912 1056 1962 παίδων
1088 1921 1201 1973 τοῖς
1241 1911 1500 1980 ἀδελφοῖς
1540 1910 1807 1979 ἐπιγελῶν

116 1998 418 2064 δείκνυσιν,
458 1999 514 2049 οἳ
551 1993 611 2048 δὲ
643 1997 1058 2066 περιστέλλουσι
1097 2001 1193 2051 τὸν
1233 1998 1452 2069 πατέρα.
1515 2001 1693 2067 <142>
1717 1998 1808 2051 καὶ

115 2086 308 2147 Νώεος
340 2087 671 2154 αἰσθόμενος
702 2095 817 2148 τοῖς
850 2084 949 2154 μὲν
990 2088 1176 2150 ἄλλοις
1216 2086 1405 2140 παισὶν
1445 2088 1805 2156 εὐδαιμονίαν

115 2174 348 2243 εὔχεται,
365 2181 439 2244 τῷ
456 2170 516 2226 δὲ
536 2175 696 2245 Χάμα
715 2176 748 2227 δ
752 2175 806 2227 ια
819 2177 919 2243 τὴν
936 2174 1262 2243 συγγένειαν
1285 2177 1432 2248 αὐτῷ
1452 2174 1552 2245 μὲν
1572 2176 1637 2229 οὐ
1653 2196 1806 2244 κατη-

117 2261 340 2329 ράσατο,
356 2270 469 2323 τοῖς
493 2263 527 2313 δ
533 2259 543 2278 '
569 2249 815 2330 ἐκγόνοις
839 2263 1025 2316 αὐτοῦ.
1073 2262 1163 2316 καὶ
1180 2274 1289 2316 τῶν
1307 2266 1490 2317 ἄλλων
1517 2267 1805 2333 διαπεφευ-

50 2362 93 2394 25
118 2351 295 2416 γότων
320 2351 421 2417 τὴν
447 2349 605 2418 ἀράν,
637 2353 766 2413 τοὺς
792 2352 1086 2404 Χαναάνου
1112 2354 1311 2415 παῖδας
1342 2352 1581 2421 μέτεισιν
1607 2354 1635 2406 6
1660 2355 1806 2415 θεός.

229 2435 319 2489 καὶ
359 2437 483 2507 περὶ
522 2435 623 2506 μὲν
662 2438 876 2491 τούτων
916 2439 977 2492 ἐν
1016 2450 1129 2502 τοῖς
1168 2439 1287 2509 ἑξῆς
1327 2440 1583 2511 ἐροῦμεν·
1626 2442 1807 2510 <143>
1838 2451 1865 2490 4

118 2526 283 2595 Σήμα
323 2523 402 2593 δέ,
441 2533 515 2595 τῷ
555 2528 718 2598 τρίτῳ
760 2525 961 2579 Νωέου
1001 2529 1160 2596 υἱῶν,
1198 2528 1358 2581 πέντε
1399 2532 1646 2597 γίνονται
1685 2538 1807 2582 παῖ-

119 2613 234 2680 δες,
275 2615 331 2665 οἳ
366 2613 466 2680 τὴν
506 2611 662 2682 μέχρι
701 2622 799 2667 τοῦ
839 2611 954 2668 κατ’
995 2611 1198 2669 Ἰνδίαν
1240 2617 1485 2670 ὠκεανοῦ
1524 2625 1807 2671 κατοικοῦ-

119 2715 208 2753 σιν
262 2698 481 2767 Ἀσίαν,
544 2696 634 2752 ἀπ’
695 2702 995 2773 Εὐφράτου
1049 2706 1150 2773 τὴν
1205 2704 1380 2774 ἀρχὴν
1432 2704 1806 2774 πεποιημένοι.

53 2787 342 2857 30’Έλαμος
374 2786 474 2857 μὲν
507 2789 609 2858 γὰρ
644 2787 986 2860 Ἐλαμαίους,
1026 2797 1262 2861 Περσῶν
1295 2795 1455 2855 ὄντας
1491 2793 1806 2863 ἀρχηγέτας,

238 2888 570 2943 §138=Gen.
595 2889 727 2934 X15.
790 2892 1189 2945 §140=Gen.IX
1207 2898 1275 2937 20.
1339 2894 1803 2947 §143=Gen.X22.
