2052 3141
895 81 1074 121 TPITH
1724 79 1829 132 165

140 233 301 284 τερον
332 221 538 283 τοῖχον,
578 214 650 276 ὡς
683 212 751 266 ἂν
783 210 874 265 ὑπ’
914 213 1116 281 αὐτῶν,
1149 213 1310 266 ὁπότε
1344 214 1610 282 δεήσειεν,
1642 215 1829 281 ἄγοιτο

140 299 459 371 κινουμένη·
515 302 582 355 οὐ
630 302 733 372 γὰρ
783 300 870 354 ἐπὶ
919 303 1141 370 ζεύγους
1188 300 1495 377 ἐκομίζετο,
1550 299 1669 354 ἀλλ’
1721 302 1830 355 ὑπὸ

140 399 250 443 τῶν
298 389 487 461 ίερέων
534 388 772 461 ἐφέρετο.
858 391 1040 459 <137>
1088 398 1161 462 τῷ
1219 389 1268 442 δ’
1325 389 1614 459 ἐπιθέματι
1665 390 1831 458 αὐτῆς

139 475 281 547 ἦσαν
327 481 633 549 πρόστυποι
681 480 806 532 δύο·
857 482 1156 548 Χερουβεῖς
1203 475 1304 547 μὲν
1352 479 1553 542 αὐτοὺς
1583 477 1830 548 “Εβραῖοι

95 571 396 635 5καλοῦσι,
438 570 543 638 ζῷα
590 564 640 619 δ’
688 565 800 620 ἐστὶ
838 567 1084 635 πετεινά,
1131 568 1352 637 μορφὴν
1394 565 1441 619 δ’
1491 567 1681 621 οὐδενὶ
1719 577 1830 640 τῶν

138 652 231 708 ὑπ’
271 655 488 727 οὐρανῷ
524 653 852 726 ἑωραμένων
883 657 1246 726 παραπλήσια.
1323 659 1572 724 Μωυσῆς
1604 653 1669 708 δέ
1696 670 1832 726 φησι

139 751 212 815 τῷ
268 747 458 817 θρόνῳ
519 753 619 797 τοῦ
680 749 821 798 θεοῦ
875 754 1205 813 προστυπεῖς
1260 742 1571 815 ἑωρακέναι.
1649 745 1831 812 <138>

138 833 307 902 ταύτῃ
346 833 441 894 τὰς
481 833 583 885 δύο
623 833 857 900 πλάκας,
899 833 958 885 ἐν
999 826 1084 895 αἷς
1122 835 1250 895 τοὺς
1291 831 1421 885 δέκα
1462 836 1662 901 λόγους
1701 848 1830 900 συγ-

138 920 452 990 γεγραφθαι
492 924 844 989 συμβεβήκει,
884 920 989 973 ἀνα
1013 920 1172 974 πέντε
1199 942 1299 990 μεν
1325 924 1401 984 εἰς
1435 920 1693 991 ἑκατέραν
1727 921 1830 974 ἀνὰ

73 1025 115 1057 10
140 1009 241 1061 δύο
276 1005 337 1060 δε
369 1007 459 1061 καὶ
490 1009 660 1077 η’μισυ
693 1009 827 1081 κατὰ
859 1007 1131 1078 μέτωπον,
1173 1009 1510 1107 ἐγκατέθετο.
1574 1009 1664 1063 καὶ
1704 1012 1831 1063 ταύ-

140 1116 240 1199 την
280 1095 340 1149 ἐν
379 1104 453 1167 τῷ
494 1096 677 1150 αδύτω
718 1101 1093 1167 κατατίθησιν.

241 1186 431 1253 <139>
472 1185 532 1238 ἐν
573 1183 633 1238 δὲ
672 1193 745 1257 τῷ
786 1194 900 1258 ναςό
943 1187 1209 1256 τραπεζαν
1252 1187 1496 1257 ἱδρύεται
1529 1191 1832 1256 Δελφικαῖς

140 1277 552 1342 παραπλησίαν,
599 1277 659 1327 τὸ
707 1282 876 1342 μῆκος
915 1272 1016 1343 μὲν
1057 1277 1158 1328 δύο
1199 1278 1445 1344 πήχεων,
1496 1278 1556 1329 τὸ
1598 1274 1658 1329 δὲ
1697 1276 1831 1328 πλά-

140 1381 231 1424 τος
271 1360 393 1424 ἑνὸς
430 1364 659 1432 πήχεως,
698 1362 788 1415 καὶ
830 1369 1124 1432 σπιθαμῶν
1164 1373 1331 1433 τριῶν
1372 1366 1431 1416 τὸ
1471 1364 1626 1428 ὕψος.
1690 1360 1831 1432 ἦσαν

76 1467 116 1499 15
143 1448 192 1502 δ’
234 1450 369 1520 αὐτῇ
402 1453 568 1514 πόδες
597 1453 662 1504 τὰ
695 1449 808 1520 μὲν
829 1451 882 1514 ἐξ
915 1452 1147 1520 ἡμίσους
1180 1452 1280 1514 ἕως
1310 1462 1421 1505 τῶν
1453 1453 1596 1505 κάτω
1637 1451 1832 1515 τελέως

142 1537 581 1608 ἐξηρτισμένοι,μ
613 1533 694 1602 οἷς
748 1544 985 1609 Δωριεῖς
1038 1539 1400 1610 προστιθέασι
1449 1550 1567 1604 ταῖς
1619 1544 1832 1603 κλίναις

143 1626 419 1699 ἐμφερεῖς,
466 1630 527 1681 τὸ
580 1627 639 1680 δὲ
678 1630 814 1698 πρὸς
854 1629 1026 1697 αὐτὴν
1067 1628 1357 1682 ἀνατεῖνον
1397 1630 1729 1699 τετράγωνοι
1768 1637 1830 1699 τῇ

143 1714 382 1787 ἐργασίᾳ.
444 1716 625 1785 <14Ο>
665 1720 996 1770 κοιλαίνεται
1038 1714 1098 1770 δὲ
1136 1716 1263 1770 καθ’
1304 1717 1532 1772 ἕκαστον
1571 1721 1832 1788 πλευρόν,

140 1805 499 1878 κοιλαίνουσά
551 1823 666 1868 πως
726 1807 860 1858 κατὰ
922 1808 1226 1874 παλαιστὴν
1288 1807 1599 1876 τοῦδαφος,
1655 1807 1833 1869 ἕλικος

76 1909 118 1941 20
141 1894 507 1963 περιθεούσης
546 1897 608 1946 τό
647 1891 692 1946 τ’
740 1895 854 1946 ἄνω
895 1893 985 1947 καὶ
1025 1896 1084 1947 τὸ
1126 1895 1269 1947 κάτω
1311 1893 1474 1965 μέρος
1512 1904 1613 1949 τοῦ
1653 1897 1833 1964 σώμα-

140 2001 245 2044 τος.
308 1980 433 2054 καθ’
483 1981 710 2036 ἕκαστον
760 1980 820 2035 δὲ
866 1992 975 2035 τῶν
1022 1984 1211 2035 ποδῶν
1257 1982 1349 2035 καὶ
1394 1984 1562 2053 ταύτῃ
1605 1982 1832 2051 ἐλήλατο

140 2073 344 2139 κρίκος,
385 2070 486 2124 οὐκ
525 2071 752 2124 ἄπωθεν
792 2079 890 2125 τοῦ
932 2070 1258 2140 ἐπιθέματος
1299 2069 1370 2124 δι’
1419 2067 1496 2123 ὧν
1535 2066 1676 2141 ᾖσαν
1717 2086 1832 2125 στε-

141 2156 257 2211 λεοὶ
295 2168 518 2228 χρυσοῖ,
559 2159 726 2223 ξύλου
767 2161 1037 2229 τᾶνερθεν
1078 2162 1254 2228 ὄντες,
1296 2160 1573 2230 ἐξαιρετοί.
1650 2162 1833 2229 <141>

142 2250 331 2299 κοῖλον
363 2246 467 2315 γὰρ
500 2242 645 2316 εἶχεν
680 2244 759 2299 ἐπ’
801 2248 986 2309 αὐτοῖς
1024 2250 1084 2301 τὸ
1118 2249 1252 2300 κατὰ
1292 2251 1420 2311 τοὺς
1458 2251 1680 2319 κρίκους
1718 2269 1831 2301 κοι-

75 2349 117 2381 25
142 2332 350 2387 νωθέν·
393 2331 523 2386 οὐδὲ
562 2334 666 2404 γάρ
707 2336 811 2387 εἰσι
852 2337 1145 2404 διηνεκεῖς,
1186 2336 1323 2390 ἀλλὰ
1362 2335 1493 2407 πρὶν
1535 2342 1831 2390 συνελθεῖν

143 2425 219 2486 εἰς
257 2425 317 2476 τὸ
357 2423 611 2491 ἄπειρον,
657 2424 735 2485 εἰς
772 2425 1067 2493 περονίδας
1105 2426 1206 2493 τὴν
1246 2424 1419 2496 ἀρχὴν
1458 2430 1831 2495 τελευτῶντες,

143 2506 220 2564 ὧν
260 2510 293 2579 ἢ
334 2507 434 2579 μὲν
475 2513 552 2573 εἰς
589 2512 650 2564 τὸ
690 2510 998 2581 προανέχον
1047 2513 1292 2582 ἐμβαίνει
1330 2522 1424 2582 τῆς
1463 2513 1748 2585 τραπέζης,
1796 2515 1829 2583 ἣ

143 2597 196 2652 δ’
250 2601 327 2662 είς
372 2601 470 2652 τὸν
516 2600 682 2652 πόδα·
745 2601 926 2669 <142>
966 2599 1057 2653 καὶ
1096 2594 1309 2664 τούτοις
1358 2604 1493 2655 κατὰ
1531 2604 1626 2666 τὰς
1664 2604 1831 2667 ὁδοὺς

142 2686 430 2756 ἐκομίζετο.
509 2686 596 2741 ἐπὶ
627 2689 825 2757 ταύτης
858 2688 1093 2757 (ἐτίθετο
1126 2691 1229 2760 γὰρ
1264 2690 1324 2744 ἐν
1356 2698 1429 2763 τῷ
1464 2699 1570 2762 νεῷ
1604 2711 1829 2763 τετραμ-

75 2789 118 2821 30
142 2773 275 2844 με’νη
307 2778 443 2846 πρὸς
475 2777 676 2846 ἄρκτον
708 2776 775 2830 οὐ
806 2779 993 2847 πόρρω
1026 2785 1124 2831 τοῦ
1157 2780 1357 2849 μυχοῦ)
1393 2781 1707 2834 διετίθεσαν
1740 2783 1829 2851 ἄρ-

260 2881 284 2930 ἓ
319 2881 401 2921 137
429 2899 485 2914 =
509 2877 653 2922 Exod.
688 2877 814 2922 XXV
851 2884 927 2933 183
961 2879 1175 2922 XXXVII
1209 2885 1246 2924 7.
