1975 3111
875 122 1084 164 ΠΡῼΤΗ
1750 119 1817 171 21

136 276 233 310 τον
288 255 599 324 ἐπενεγκεῖν
644 256 823 318 πάθος
875 253 969 324 ὑφ’
1017 251 1083 308 οὗ
1134 256 1483 307 κινδυνεύσει
1533 262 1642 307 πᾶν
1690 254 1822 308 ἀπο-

136 331 331 398 λέσθαι
371 346 431 397 τὸ
472 353 581 397 τῶν
624 342 775 416 ζςόων
815 342 1002 412 γένος,
1043 343 1180 396 ἀλλὰ
1220 341 1657 413 τετιμωρημένον
1695 345 1824 405 τοὺς

133 435 412 502 πονηροὺς
457 434 631 502 φειδὼ
679 438 962 485 ποιεῖσθαι
1008 441 1118 484 τῶν
1167 419 1258 484 διὰ
1298 434 1633 501 χρηστότητα
1672 449 1822 501 περι-

134 521 480 590 λειφθέντων
512 520 602 574 καὶ
633 524 693 574 τὸ
728 523 915 574 δεινὸν
949 522 1242 590 διαφυγεῖν
1280 519 1636 590 κεκριμένων·
1679 521 1822 588 <97>

91 623 111 655 5
135 607 727 679 κακοδαιμονεστέρους
773 610 876 679 γὰρ
924 610 1153 671 τούτους
1200 610 1426 661 ἔσεσθαι
1468 607 1693 661 ἐκείνων
1733 607 1823 659 καὶ

134 702 297 769 χείρω
330 700 524 750 κακίαν
557 696 1075 765 καταδικασθέντας,
1114 699 1166 749 εί
1195 699 1266 766 μὴ
1299 699 1435 767 πρὸς
1466 699 1525 750 τὸ
1565 693 1824 758 παντελὲς

135 782 246 838 εἷεν
287 784 640 854 σεσωσμένοι,
680 792 975 856 τηρηθεῖεν
1009 783 1058 838 δ’
1099 784 1263 858 ἑτέρῳ
1304 789 1686 859 κατακλυσμῷ,
1725 794 1823 837 τοῦ

135 871 235 943 μὲν
268 876 488 944 πρώτου
513 877 610 927 τὸν
642 878 822 944 φόβον
854 873 943 927 καὶ
976 876 1076 943 τὴν
1111 876 1356 944 [στορίαν
1395 876 1686 942 μαθόντες,
1725 882 1823 925 τοῦ

135 960 397 1032 δευτέρου
461 960 522 1015 δὲ
582 964 682 1032 τὴν
746 962 1036 1015 ἀπώλειαν.
1122 964 1263 1030 <98>
1318 963 1559 1031 εὐμενῶς
1613 959 1656 1014 τ’
1721 957 1823 1014 οὖν

69 1065 110 1096 10
133 1050 304 1104 αὐτὸν
343 1049 747 1121 προσδέχεσθαι
787 1052 887 1119 τὴν
927 1052 1134 1103 θυσίαν
1173 1050 1491 1119 παρεκάλει,
1531 1048 1621 1102 καὶ
1661 1051 1824 1118 μηδε-

134 1142 264 1208 μίαν
304 1139 478 1209 ὀργὴν
531 1138 616 1192 ἐπὶ
656 1141 756 1208 τὴν
807 1146 911 1207 γῆν
952 1139 1148 1207 ὁμοίαν
1187 1142 1409 1207 βαλεῖν,
1460 1138 1605 1201 ὅπως
1645 1141 1826 1209 ἔργοις

134 1248 189 1280 τε
221 1237 336 1290 τοῖς
367 1229 564 1297 ταύτης
595 1233 1099 1297 προσλιπαροῦντες
1130 1226 1220 1280 καὶ
1258 1230 1445 1290 πόλεις
1484 1227 1824 1296 ἀναστήσαν-

133 1336 220 1378 τες
259 1316 599 1386 εὐδαιμόνως
647 1319 741 1385 ζῆν
782 1319 986 1386 ἔχοιεν,
1032 1315 1122 1368 καὶ
1172 1318 1407 1385 μηδενὸς
1458 1312 1535 1368 ὧν
1582 1314 1671 1368 καὶ
1718 1319 1823 1386 πρὸ

134 1412 227 1472 τῆς
267 1403 564 1474 ἐπομβρίας
602 1402 880 1457 ἀπέλαυον
919 1404 1279 1474 ὑστερήσειαν
1319 1403 1569 1472 ἀγαθῶν,
1609 1407 1686 1467 εἰς
1725 1426 1824 1474 μα-

68 1507 109 1538 15
132 1495 268 1563 κρόν
308 1512 363 1545 τε
404 1495 464 1546 τὸ
513 1500 682 1563 γῆρας
729 1491 819 1545 καὶ
865 1494 991 1561 βίου
1032 1499 1202 1561 μῆκος
1249 1492 1443 1560 ὅμοιον
1483 1502 1596 1555 τοῖς
1635 1494 1824 1563 τάχιον

133 1580 503 1651 ἐπερχόμενοι.
568 1581 711 1649 <99>
738 1578 938 1634 Νωέου
981 1578 1040 1633 δὲ
1081 1583 1278 1643 ταύτας
1316 1581 1690 1650 ποιησαμένου
1731 1583 1824 1645 τὰς

134 1670 388 1737 ἱκετείας,
444 1670 473 1723 ὁ
530 1671 681 1732 θεὸς
711 1668 797 1722 ἐπὶ
846 1670 1171 1740 δικαιοσύνῃ
1228 1672 1324 1722 τὸν
1371 1671 1548 1740 ἄνδρα
1600 1669 1825 1738 ἀγαπῶν

134 1756 427 1811 ἐπένευσεν
476 1758 621 1830 αὐτῷ
670 1759 764 1821 τὰς
803 1758 966 1828 εὐχὰς
1013 1757 1066 1821 ἐς
1106 1756 1257 1821 τέλος
1296 1758 1476 1827 ἄξειν,
1533 1759 1658 1811 οὔτε
1699 1762 1826 1821 τοὺς

134 1847 578 1916 διεφθαρμένους
618 1847 780 1909 αὐτὸς
812 1845 988 1914 λέγων
1021 1845 1301 1915 ἀπολέσαι,
1341 1850 1502 1919 κακία
1542 1846 1602 1900 δὲ
1642 1855 1704 1916 τῇ
1747 1850 1825 1900 οἰ-

67 1947 109 1979 20
133 1937 252 2006 κεία
302 1937 505 2005 ταύτην
557 1936 757 1999 αὐτοὺς
804 1936 1068 2005 ὑποσχεῖν
1116 1937 1215 2004 τὴν
1267 1937 1456 2004 δίκην,
1506 1933 1619 1989 οὔτ’
1668 1935 1736 1988 ἂν
1776 1938 1827 1988 εί

132 2022 466 2093 γενομένους
513 2024 847 2093 ἀνθρώπους
893 2023 1158 2094 ἀφανίσαι
1215 2025 1527 2093 διεγνώκει,
1581 2043 1824 2095 παραγα-

132 2121 251 2180 γεῖν
282 2113 484 2176 αὐτοὺς
518 2115 595 2176 εἰς
634 2115 731 2167 τὸν
770 2115 917 2181 βίον·
959 2113 1139 2180 <1ΟΟ>
1181 2114 1498 2182 σοφώτερον
1538 2115 1641 2184 γὰρ
1682 2110 1823 2166 εἶναι

131 2202 232 2269 τὴν
280 2200 453 2272 ἀρχὴν
508 2202 692 2264 αὐτοῖς
742 2199 879 2271 μηδὲ
930 2204 1265 2271 χαρίσασθαι
1318 2203 1377 2253 τὸ
1431 2204 1524 2269 ζῆν
1571 2201 1602 2270 ἢ
1656 2203 1824 2254 δόντα

131 2297 293 2342 τοῦτο
335 2291 699 2361 διαφθείρειν.
764 2287 904 2343 εἀλλ’
953 2283 1034 2352 οἷς
1085 2289 1368 2359 ἐξύβριζον
1419 2292 1495 2352 είς
1545 2291 1645 2358 τὴν
1686 2289 1823 2358 ἐμὴν

67 2388 108 2419 25
133 2376 417 2446 εὐσέβειαν
456 2377 546 2430 καὶ
586 2377 816 2448 ἀρετήν,
864 2379 1077 2440 τούτοις
1125 2376 1472 2446 ἐξεβιάσαντό
1514 2397 1577 2446 με
1619 2379 1823 2447 ταύτην

131 2465 318 2529 αὐτοῖς
357 2465 632 2519 ἐπιθεῖναι
679 2468 779 2534 τὴν
829 2468 1004 2534 δίκην.
1084 2466 1264 2535 (101)
1303 2467 1581 2534 παύσομαι
1624 2464 1684 2519 δὲ
1723 2475 1822 2520 τοῦ

130 2557 329 2608 λοιποῦ
383 2556 514 2624 μετὰ
565 2556 830 2623 τοσαύτης
884 2555 1050 2624 ὀργῆς
1102 2556 1196 2617 τὰς
1251 2557 1512 2624 τιμωρίας
1567 2553 1654 2606 ἐπὶ
1709 2565 1824 2618 τοῖς

131 2641 465 2711 ἀδικήμασιν
489 2644 964 2713 εἰσπραττόμενος,
1003 2641 1092 2696 καὶ
1116 2646 1261 2696 πολὺ
1287 2647 1498 2711 μᾶλλον
1524 2650 1626 2696 σοῦ
1651 2661 1823 2713 παρα-

131 2735 445 2794 καλοῦντος.
522 2733 574 2784 εἰ
610 2729 661 2783 δ’
710 2729 796 2784 ἐπὶ
836 2729 1005 2784 πλέον
1043 2728 1173 2784 ποτὲ
1213 2731 1559 2800 χειμάσαιμι,
1600 2733 1672 2799 μὴ
1713 2732 1823 2784 δεί-

66 2831 109 2863 30
135 2832 261 2888 σητε
301 2828 411 2872 τῶν
451 2821 675 2889 ὄμβρων
724 2821 783 2872 τὸ
825 2818 1079 2888 μέγεθος·
1129 2820 1310 2888 <102>
1354 2819 1419 2872 οὐ
1461 2820 1564 2889 γὰρ
1605 2821 1682 2871 ἔτι
1722 2821 1823 2887 τὴν

250 2924 274 2973 5
308 2924 361 2963 97
389 2942 445 2957 =
470 2919 581 2964 Gen.
614 2918 723 2963 Vm
754 2924 825 2964 20.
